1920 3063
201 91 229 134 8
649 89 949 126 Guilelmus
984 88 1284 132 Schonack‚

201 203 391 247 νοσέουσί
418 218 465 247 τε
494 205 568 246 καὶ
596 202 801 247 πονέουσι.
848 205 890 248 in
928 205 1009 247 hoc
1048 206 1267 248 enuntiato
1295 208 1535 260 suspectum
1564 208 1629 248 est
1658 221 1732 250 vo-

202 273 400 316 cabulum
424 272 687 327 παθημάτων
707 286 783 329 per
802 286 847 315 se
867 271 1146 328 aptissimum.
1178 274 1251 316 sed
1270 276 1319 316 ut
1337 286 1388 316 ex
1417 276 1623 330 apparatu
1652 275 1732 318 cri-

206 341 291 384 tico
322 342 602 398 cognoscitur,
633 341 836 385 librorum
866 341 992 383 lectio
1021 354 1106 383 non
1136 342 1219 383 iam
1249 341 1376 396 plane
1404 342 1626 398 perspicua
1653 345 1730 385 est.

205 409 372 466 syllaba
401 409 514 453 enim
543 422 604 450 πα
631 409 678 451 in
706 423 854 452 rasura
884 409 1043 463 scripta
1080 408 1308 461 invenitur,
1346 424 1495 453 manus
1524 410 1730 465 antiquis-

203 478 312 520 sima
331 481 430 520 ante
450 476 638 520 litteram
658 477 691 519 θ
711 478 854 532 posuit
872 491 910 518 σ.
961 475 1374 520 Kuehleweinius
1395 478 1496 521 olim
1508 479 1541 534 ⁶)
1562 483 1733 522 conten·

206 546 268 589 dit
297 546 427 589 verba
455 550 538 588 τῶν
568 545 830 602 παθημάτων
874 545 1153 602 expungenda
1190 559 1293 597 esse,
1336 547 1436 601 quia
1464 560 1542 602 pro
1570 545 1732 603 glosse-

204 617 319 657 mate
349 615 469 657 iuxta
498 614 725 657 relativum
755 615 812 656 ῶν
832 615 1017 670 primum
1049 614 1094 655 in
1115 614 1214 656 libri
1243 615 1519 670 manuscripti
1546 616 1733 671 margine

202 682 348 727 addita
377 685 530 735 essent,
562 697 615 726 ex
635 698 718 740 quo
737 686 886 739 postea
909 684 954 725 in
974 685 1137 726 textum
1166 683 1449 739 irrepsissent3
1479 683 1524 726 in
1553 683 1733 727 editione

203 753 486 794 coniecturam
510 751 703 807 protulit,
734 766 816 794 non
845 751 1117 802 confidenter,
1147 752 1219 793 sed
1248 750 1507 802 vacillanter,
1538 765 1634 793 cum
1665 751 1731 793 in-

204 819 505 875 terrogationis
548 820 716 875 signum
745 820 785 861 ei
821 822 1063 875 apponeret.
1108 819 1417 862 commendavit
1450 819 1732 874 αἰσθημάτων.

204 889 318 943 quod
347 888 579 939 inventum,
611 889 648 930 si
672 887 1044 943 palaeographiam
1071 901 1196 943 quam
1226 902 1422 931 vocamus
1450 887 1583 931 solam
1612 902 1731 943 spec-

202 957 373 1008 taveris,
401 970 487 999 non
517 955 697 999 multum
727 970 753 998 a
782 970 880 999 vero
910 955 1076 999 videtur
1105 956 1262 1009 abesse,
1293 956 1394 1013 quia
1413 960 1456 1000 et
1474 956 1732 1014 syllabarum

203 1029 246 1068 et
275 1025 514 1069 litterarum
556 1040 754 1069 numerus
783 1026 910 1081 plane
952 1028 1163 1069 consonat.
1210 1027 1283 1069 sed
1313 1026 1393 1068 hoc
1429 1041 1514 1069 non
1552 1023 1746 1070 sufficitt'

203 1107 368 1149 semper
396 1106 565 1137 necesse
586 1095 652 1136 est
671 1094 809 1137 virum
839 1095 1136 1138 coniectantem
1158 1095 1287 1138 totius
1306 1093 1399 1148 loci,
1430 1095 1498 1137 cui
1527 1094 1732 1138 medelam
1784 1106 1787 1109 ·

202 1162 306 1204 velit
344 1162 563 1213 adhibere,
606 1163 858 1205 sententiam
897 1164 1157 1205 examinare:
1202 1164 1313 1218 quod
1349 1163 1423 1218 qui
1452 1163 1609 1214 fecerit,
1648 1178 1732 1205 non

205 1229 432 1281 dubitabit,
469 1231 572 1285 quin
608 1230 790 1273 deterior
820 1232 943 1272 exeat
972 1244 1153 1273 conexus
1172 1230 1311 1285 posito
1340 1230 1415 1273 illo
1448 1232 1588 1282 verbo,
1620 1230 1732 1286 quod

204 1299 459 1341 novissimus
490 1300 626 1342 editor
644 1299 874 1355 proposuit.
906 1313 1005 1341 nam
1025 1298 1213 1352 αἰσθημα
1241 1299 1284 1340 in
1309 1298 1500 1352 linguam
1529 1312 1731 1340 vernacu-

203 1366 291 1409 lam
330 1380 577 1409 conversum
620 1366 830 1422 significat
871 1366 978 1418 „das
1005 1365 1321 1419 Empfundene,
1366 1365 1445 1408 das
1490 1365 1732 1418 Gefahztffl:

205 1435 439 1489 quadratne
458 1434 539 1478 hoc
568 1436 612 1478 in
642 1434 857 1489 scriptoris
885 1435 1167 1477 sententiam?
1198 1434 1308 1489 quod
1337 1434 1372 1475 si
1405 1437 1526 1485 esset,
1556 1435 1733 1488 scriptor

203 1502 361 1546 diceret
402 1504 585 1546 cuiusvis
623 1503 773 1545 medici
815 1515 904 1544 esse
936 1516 1082 1545 sensus
1112 1503 1342 1557 exquirere,
1385 1501 1540 1557 quibus
1569 1503 1732 1558 aegroti

202 1571 409 1614 laborent.
452 1571 533 1615 hoc
562 1571 769 1614 insulsum
800 1585 890 1614 esse
919 1585 1042 1614 nemo
1072 1571 1260 1627 negabit.
1289 1585 1424 1626 neque
1455 1571 1566 1614 enim
1595 1585 1731 1614 sermo

203 1643 268 1682 est
298 1640 349 1682 de
378 1640 583 1692 sensibus,
614 1641 687 1682 sed
717 1641 768 1683 de
798 1640 955 1683 morbis
985 1640 1294 1682 imbecillorum
1313 1639 1543 1682 hominum.
1576 1641 1730 1694 itaque,

202 1721 296 1749 cum
317 1707 509 1762 πάθημα,
534 1722 635 1751 num
655 1712 768 1751 recte
786 1708 988 1751 traditum
1009 1709 1078 1759 sit,
1109 1709 1314 1751 incertum
1335 1709 1402 1759 sit,
1433 1706 1596 1750 nullum
1618 1707 1732 1750 aliud

202 1774 455 1819 vocabulum
484 1777 626 1831 aptius
655 1777 840 1832 ponitur,
881 1791 1008 1832 quam
1038 1777 1122 1819 alia
1151 1777 1427 1832 aegritudinis
1456 1777 1731 1832 significatio:

205 1858 312 1898 quae
342 1842 540 1885 ἀσθένεια
583 1858 673 1887 esse
712 1859 796 1887 non
826 1847 977 1901 potest,
1022 1845 1121 1900 quia
1158 1845 1331 1888 verbum
1361 1845 1407 1887 in
1436 1857 1494 1898 μα
1524 1844 1731 1899 syllabam

203 1913 345 1955 exiens
375 1913 607 1955 necessario
636 1912 917 1955 desideratur:
964 1913 1065 1967 quid
1106 1913 1240 1967 igitur
1282 1914 1418 1968 magis
1449 1913 1611 1955 videtur
1639 1913 1730 1956 ido-

204 1994 330 2022 neum
364 1994 493 2035 quam
523 1979 774 2035 ἀσθένημαῖ
804 1994 903 2023 sane
932 1980 1097 2023 nullum
1126 1981 1170 2022 in
1199 1983 1397 2037 promptu
1426 1980 1561 2023 habeo
1592 1995 1731 2024 exem-

202 2049 322 2103 plum
353 2063 376 2091 e
407 2049 528 2091 libris
557 2047 869 2104 Hippocraticis
899 2053 1129 2104 sumptum,
1170 2063 1254 2104 quo
1283 2053 1395 2092 certe
1425 2050 1732 2092 demonstratur

202 2117 310 2160 illud
339 2116 590 2160 vocabulum
619 2117 705 2160 iam
736 2119 828 2160 tum
858 2121 1105 2174 usurpatum
1136 2131 1237 2161 esse.
1277 2117 1313 2160 si
1342 2116 1587 2172 Stephani
1617 2116 1729 2160 The-

202 2201 373 2230 saurum
394 2185 566 2242 linguae
587 2184 770 2230 Graecae
798 2187 1042 2241 inspexeris,
1073 2200 1158 2229 non
1178 2186 1489 2241 prudentiorem
1507 2189 1551 2229 te
1571 2186 1730 2229 factum

202 2270 293 2299 esse
313 2255 431 2299 brevi
451 2269 696 2312 cognosces:
718 2254 790 2299 hic
809 2255 919 2298 enim
940 2255 985 2298 L.
1008 2253 1310 2298 Dindorfius
1331 2254 1428 2310 (vol.
1443 2253 1476 2307 I,
1489 2255 1529 2307 2,
1545 2270 1586 2311 p.
1599 2255 1729 2311 2162)

200 2324 317 2367 illius
347 2324 464 2367 verbi
494 2324 577 2367 duo
607 2323 799 2379 exempla
838 2324 995 2376 attulit,
1036 2339 1058 2367 e
1088 2324 1338 2380 quibusdam
1368 2323 1490 2366 libris
1518 2323 1728 2367 Aristote-

200 2393 293 2436 licis
324 2393 593 2448 deprompta;
637 2407 719 2436 non
755 2393 936 2436 multum
974 2393 1120 2436 solacii
1148 2392 1322 2449 praebet
1351 2392 1625 2443 Bruderus,
1657 2394 1730 2447 qui

200 2462 246 2504 in
268 2461 576 2505 Concordantia
603 2463 703 2505 novi
732 2460 992 2505 Testamenti
1023 2460 1232 2517 (Gotting.
1267 2460 1392 2514 1904,
1421 2476 1463 2517 p.
1494 2460 1567 2516 82)
1599 2474 1730 2503 unum

201 2531 353 2582 locum,
393 2530 467 2572 ubi
497 2533 635 2573 exstat
663 2530 771 2574 illud
801 2531 988 2582 verbum,
1031 2545 1081 2573 ex
1110 2530 1233 2572 Pauli
1262 2530 1406 2572 littera
1435 2529 1488 2572 ad
1519 2527 1729 2572 Romanos

201 2599 441 2655 conscripta
480 2599 641 2643 attulit.
686 2601 720 2643 si
763 2600 895 2656 igitur
934 2599 1244 2657 lexicographis
1285 2599 1386 2642 fides
1416 2598 1609 2648 habenda
1651 2602 1728 2651 est,

201 2682 297 2723 sero
335 2670 504 2711 tantum
544 2668 651 2711 illud
694 2669 946 2712 vocabulum
989 2682 1068 2712 usu
1114 2669 1242 2712 venit.
1289 2668 1361 2711 sed
1390 2667 1470 2711 hoc
1506 2681 1591 2711 non
1627 2668 1729 2711 satis

295 2749 325 2794 ¹⁵)
349 2748 396 2782 cf.
420 2747 582 2783 Hermae
607 2748 679 2787 vol.
705 2748 820 2784 XXII.
847 2749 946 2791 1887,
971 2759 1008 2794 p.
1035 2748 1112 2784 191.
