<?xml version="1.0" encoding="UTF-8"?>
<!DOCTYPE html PUBLIC "-//W3C//DTD XHTML 1.0 Transitional//EN"
    "http://www.w3.org/TR/xhtml1/DTD/xhtml1-transitional.dtd">
<html xmlns="http://www.w3.org/1999/xhtml" xml:lang="en" lang="en">
 <head>
  <title>
</title>
<meta http-equiv="Content-Type" content="text/html;charset=utf-8" />
  <meta name='ocr-system' content='tesseract 3.04.00' />
  <meta name='ocr-capabilities' content='ocr_page ocr_carea ocr_par ocr_line ocrx_word'/>
</head>
<body>
  <div class='ocr_page' id='page_1' title='image "4737859_0014.png"; bbox 0 0 1920 3063; ppageno 0'>
   <div class='ocr_carea' id='block_1_1' title="bbox 314 713 1599 808">
    <p class='ocr_par' dir='ltr' id='par_1_1' title="bbox 314 713 1599 808">
     <span class='ocr_line' id='line_1_1' title="bbox 314 713 1599 808; baseline 0.002 -14"><span class='ocrx_word' id='word_1_1' title='bbox 314 740 650 794; x_wconf 79' lang='lat' dir='ltr'><strong>coniectanea</strong></span> <span class='ocrx_word' id='word_1_2' title='bbox 689 741 733 792; x_wconf 80' lang='lat' dir='ltr'><strong>in</strong></span> <span class='ocrx_word' id='word_1_3' title='bbox 772 740 993 793; x_wconf 72' lang='lat' dir='ltr'><strong>nonnulla</strong></span> <span class='ocrx_word' id='word_1_4' title='bbox 1027 713 1220 806; x_wconf 74' lang='lat' dir='ltr'><strong>scripta</strong></span> <span class='ocrx_word' id='word_1_5' title='bbox 1257 740 1599 808; x_wconf 73' lang='lat' dir='ltr'><strong>Hippocraten.</strong></span> 
     </span>
    </p>
   </div>
   <div class='ocr_carea' id='block_1_2' title="bbox 197 829 1712 943">
    <p class='ocr_par' dir='ltr' id='par_1_2' title="bbox 197 829 1712 943">
     <span class='ocr_line' id='line_1_2' title="bbox 197 829 1712 876; baseline 0.001 -8"><span class='ocrx_word' id='word_1_6' title='bbox 197 831 436 868; x_wconf 71' lang='lat' dir='ltr'>Coniecturae</span> <span class='ocrx_word' id='word_1_7' title='bbox 452 840 562 867; x_wconf 86' lang='lat' dir='ltr'><strong>nemo</strong></span> <span class='ocrx_word' id='word_1_8' title='bbox 579 841 654 866; x_wconf 88' lang='lat' dir='ltr'><strong>non</strong></span> <span class='ocrx_word' id='word_1_9' title='bbox 670 829 831 866; x_wconf 75' lang='lat' dir='ltr'><strong>libenter</strong></span> <span class='ocrx_word' id='word_1_10' title='bbox 851 830 989 872; x_wconf 86' lang='lat' dir='ltr'><strong>audiet,</strong></span> <span class='ocrx_word' id='word_1_11' title='bbox 1014 831 1045 866; x_wconf 88' lang='lat' dir='ltr'><strong>si</strong></span> <span class='ocrx_word' id='word_1_12' title='bbox 1061 831 1145 876; x_wconf 88' lang='lat' dir='ltr'><strong>quis</strong></span> <span class='ocrx_word' id='word_1_13' title='bbox 1163 842 1207 867; x_wconf 87' lang='lat' dir='ltr'><strong>ex</strong></span> <span class='ocrx_word' id='word_1_14' title='bbox 1223 831 1319 867; x_wconf 83' lang='lat' dir='ltr'><strong>veris</strong></span> <span class='ocrx_word' id='word_1_15' title='bbox 1335 833 1374 868; x_wconf 92' lang='lat' dir='ltr'><strong>et</strong></span> <span class='ocrx_word' id='word_1_16' title='bbox 1390 833 1571 868; x_wconf 74' lang='lat' dir='ltr'><strong>concessis</strong></span> <span class='ocrx_word' id='word_1_17' title='bbox 1587 833 1712 869; x_wconf 89' lang='lat' dir='ltr'><strong>ducat.</strong></span> 
     </span>
     <span class='ocr_line' id='line_1_3' title="bbox 560 887 1349 943; baseline 0.003 -21"><span class='ocrx_word' id='word_1_18' title='bbox 560 887 623 943; x_wconf 14' lang='lat' dir='ltr'><strong>[Fr.</strong></span> <span class='ocrx_word' id='word_1_19' title='bbox 648 888 742 932; x_wconf 81' lang='lat' dir='ltr'><strong>Aug.</strong></span> <span class='ocrx_word' id='word_1_20' title='bbox 768 887 881 929; x_wconf 87' lang='lat' dir='ltr'>Wolf,</span> <span class='ocrx_word' id='word_1_21' title='bbox 907 898 1031 933; x_wconf 90' lang='lat' dir='ltr'><strong>opusc.</strong></span> <span class='ocrx_word' id='word_1_22' title='bbox 1057 889 1130 924; x_wconf 87' lang='lat' dir='ltr'><strong>vol.</strong></span> <span class='ocrx_word' id='word_1_23' title='bbox 1155 889 1183 931; x_wconf 93' lang='lat' dir='ltr'><strong>I,</strong></span> <span class='ocrx_word' id='word_1_24' title='bbox 1207 901 1244 934; x_wconf 86' lang='lat' dir='ltr'><strong>p.</strong></span> <span class='ocrx_word' id='word_1_25' title='bbox 1269 889 1349 925; x_wconf 82' lang='lat'><strong>241.</strong></span> 
     </span>
    </p>
   </div>
   <div class='ocr_carea' id='block_1_3' title="bbox 574 979 1326 1036">
    <p class='ocr_par' dir='ltr' id='par_1_3' title="bbox 574 979 1326 1036">
     <span class='ocr_line' id='line_1_4' title="bbox 574 979 1326 1036; baseline 0.003 -13"><span class='ocrx_word' id='word_1_26' title='bbox 574 979 606 1023; x_wconf 94' lang='grc' dir='ltr'><strong>Ι.</strong></span> <span class='ocrx_word' id='word_1_27' title='bbox 640 979 719 1022; x_wconf 93' lang='lat' dir='ltr'><strong>De</strong></span> <span class='ocrx_word' id='word_1_28' title='bbox 762 981 973 1036; x_wconf 84' lang='lat' dir='ltr'><strong>prisca</strong></span> <span class='ocrx_word' id='word_1_29' title='bbox 1015 981 1326 1025; x_wconf 87' lang='lat' dir='ltr'><strong>medicina.</strong></span> 
     </span>
    </p>
   </div>
   <div class='ocr_carea' id='block_1_4' title="bbox 932 1068 965 1112">
    <p class='ocr_par' dir='ltr' id='par_1_4' title="bbox 932 1068 965 1112">
     <span class='ocr_line' id='line_1_5' title="bbox 932 1068 965 1112; baseline 0.03 -1"><span class='ocrx_word' id='word_1_30' title='bbox 932 1068 965 1112; x_wconf 91' lang='grc' dir='ltr'><strong>Ι.</strong></span> 
     </span>
    </p>
   </div>
   <div class='ocr_carea' id='block_1_5' title="bbox 179 1150 1712 2857">
    <p class='ocr_par' dir='ltr' id='par_1_5' title="bbox 179 1150 1712 2857">
     <span class='ocr_line' id='line_1_6' title="bbox 308 1150 1712 1209; baseline 0.001 -14"><span class='ocrx_word' id='word_1_31' title='bbox 308 1151 351 1196; x_wconf 90' lang='grc' dir='ltr'><strong>Ι.</strong></span> <span class='ocrx_word' id='word_1_32' title='bbox 373 1150 429 1195; x_wconf 86' lang='grc' dir='ltr'><strong>Ρ.</strong></span> <span class='ocrx_word' id='word_1_33' title='bbox 452 1150 512 1195; x_wconf 76' lang='grc' dir='ltr'><strong>Μ.</strong></span> <span class='ocrx_word' id='word_1_34' title='bbox 544 1151 746 1206; x_wconf 84' lang='lat' dir='ltr'><strong>Incipiam</strong></span> <span class='ocrx_word' id='word_1_35' title='bbox 776 1164 802 1192; x_wconf 88' lang='lat' dir='ltr'><strong>a</strong></span> <span class='ocrx_word' id='word_1_36' title='bbox 828 1150 932 1203; x_wconf 90' lang='lat' dir='ltr'><strong>loco,</strong></span> <span class='ocrx_word' id='word_1_37' title='bbox 964 1150 1037 1206; x_wconf 90' lang='lat' dir='ltr'><strong>qui</strong></span> <span class='ocrx_word' id='word_1_38' title='bbox 1056 1150 1212 1207; x_wconf 82' lang='lat' dir='ltr'><strong>legitur</strong></span> <span class='ocrx_word' id='word_1_39' title='bbox 1239 1152 1284 1194; x_wconf 92' lang='lat' dir='ltr'><strong>in</strong></span> <span class='ocrx_word' id='word_1_40' title='bbox 1313 1152 1436 1195; x_wconf 88' lang='lat' dir='ltr'><strong>initio</strong></span> <span class='ocrx_word' id='word_1_41' title='bbox 1456 1153 1482 1195; x_wconf 94' lang='lat' dir='ltr'><strong>l.</strong></span> <span class='ocrx_word' id='word_1_42' title='bbox 1505 1153 1556 1196; x_wconf 86' lang='lat' dir='ltr'><strong>de</strong></span> <span class='ocrx_word' id='word_1_43' title='bbox 1574 1155 1712 1209; x_wconf 87' lang='lat' dir='ltr'><strong>prisca</strong></span> 
     </span>
     <span class='ocr_line' id='line_1_7' title="bbox 190 1219 1709 1275; baseline 0.001 -12"><span class='ocrx_word' id='word_1_44' title='bbox 190 1221 409 1272; x_wconf 88' lang='lat' dir='ltr'><strong>medicina,</strong></span> <span class='ocrx_word' id='word_1_45' title='bbox 441 1219 597 1275; x_wconf 87' lang='lat' dir='ltr'><strong>quique</strong></span> <span class='ocrx_word' id='word_1_46' title='bbox 627 1219 732 1261; x_wconf 86' lang='lat' dir='ltr'><strong>mihi</strong></span> <span class='ocrx_word' id='word_1_47' title='bbox 761 1233 845 1262; x_wconf 91' lang='lat' dir='ltr'><strong>non</strong></span> <span class='ocrx_word' id='word_1_48' title='bbox 875 1222 988 1263; x_wconf 89' lang='lat' dir='ltr'><strong>recte</strong></span> <span class='ocrx_word' id='word_1_49' title='bbox 1017 1219 1179 1262; x_wconf 83' lang='lat' dir='ltr'><strong>videtur</strong></span> <span class='ocrx_word' id='word_1_50' title='bbox 1198 1220 1378 1263; x_wconf 86' lang='lat' dir='ltr'><strong>traditus</strong></span> <span class='ocrx_word' id='word_1_51' title='bbox 1406 1235 1518 1263; x_wconf 86' lang='lat' dir='ltr'><strong>esse:</strong></span> <span class='ocrx_word' id='word_1_52' title='bbox 1549 1236 1584 1264; x_wconf 94' lang='lat' dir='ltr'><strong>c.</strong></span> <span class='ocrx_word' id='word_1_53' title='bbox 1606 1223 1645 1264; x_wconf 84' lang='lat'><strong>2.</strong></span> <span class='ocrx_word' id='word_1_54' title='bbox 1669 1222 1709 1264; x_wconf 88' lang='lat'><strong>2.</strong></span> 
     </span>
     <span class='ocr_line' id='line_1_8' title="bbox 193 1289 1709 1343; baseline 0.001 -12"><span class='ocrx_word' id='word_1_55' title='bbox 193 1290 260 1333; x_wconf 89' lang='grc'><strong>16.</strong></span> <span class='ocrx_word' id='word_1_56' title='bbox 291 1304 456 1332; x_wconf 88' lang='lat' dir='ltr'><strong>necesse</strong></span> <span class='ocrx_word' id='word_1_57' title='bbox 487 1293 550 1332; x_wconf 88' lang='lat' dir='ltr'><strong>est</strong></span> <span class='ocrx_word' id='word_1_58' title='bbox 579 1303 645 1331; x_wconf 91' lang='lat' dir='ltr'><strong>me</strong></span> <span class='ocrx_word' id='word_1_59' title='bbox 673 1291 810 1332; x_wconf 89' lang='lat' dir='ltr'><strong>totum</strong></span> <span class='ocrx_word' id='word_1_60' title='bbox 849 1289 1113 1331; x_wconf 84' lang='lat' dir='ltr'><strong>enuntiatum</strong></span> <span class='ocrx_word' id='word_1_61' title='bbox 1151 1302 1371 1343; x_wconf 81' lang='lat' dir='ltr'><strong>excerpere</strong></span> <span class='ocrx_word' id='word_1_62' title='bbox 1399 1289 1498 1332; x_wconf 90' lang='lat' dir='ltr'><strong>inde</strong></span> <span class='ocrx_word' id='word_1_63' title='bbox 1526 1304 1552 1332; x_wconf 91' lang='lat' dir='ltr'><strong>a</strong></span> <span class='ocrx_word' id='word_1_64' title='bbox 1581 1291 1709 1333; x_wconf 82' lang='lat' dir='ltr'><strong>versi-</strong></span> 
     </span>
     <span class='ocr_line' id='line_1_9' title="bbox 190 1356 1711 1413; baseline -0.001 -12"><span class='ocrx_word' id='word_1_65' title='bbox 190 1358 283 1401; x_wconf 88' lang='lat' dir='ltr'><strong>culo</strong></span> <span class='ocrx_word' id='word_1_66' title='bbox 318 1359 393 1401; x_wconf 85' lang='lat'><strong>13:</strong></span> <span class='ocrx_word' id='word_1_67' title='bbox 440 1358 549 1406; x_wconf 84' lang='grc' dir='ltr'><strong>ὅστις</strong></span> <span class='ocrx_word' id='word_1_68' title='bbox 592 1357 638 1399; x_wconf 87' lang='grc' dir='ltr'><strong>δὲ</strong></span> <span class='ocrx_word' id='word_1_69' title='bbox 677 1362 809 1399; x_wconf 82' lang='grc' dir='ltr'><strong>ταῦτα</strong></span> <span class='ocrx_word' id='word_1_70' title='bbox 846 1356 1071 1413; x_wconf 86' lang='grc' dir='ltr'><strong>ἀποβαλὼν</strong></span> <span class='ocrx_word' id='word_1_71' title='bbox 1109 1358 1182 1399; x_wconf 81' lang='grc' dir='ltr'><strong>καὶ</strong></span> <span class='ocrx_word' id='word_1_72' title='bbox 1220 1357 1537 1412; x_wconf 77' lang='grc' dir='ltr'>ἀποδοκιμάσας</span> <span class='ocrx_word' id='word_1_73' title='bbox 1575 1358 1711 1400; x_wconf 78' lang='grc' dir='ltr'><strong>πάντα</strong></span> 
     </span>
     <span class='ocr_line' id='line_1_10' title="bbox 189 1425 1709 1482; baseline 0.001 -15"><span class='ocrx_word' id='word_1_74' title='bbox 189 1425 309 1482; x_wconf 78' lang='grc' dir='ltr'><strong>ἑτέρῃ</strong></span> <span class='ocrx_word' id='word_1_75' title='bbox 340 1426 424 1481; x_wconf 79' lang='grc' dir='ltr'><strong>ὁδῷ</strong></span> <span class='ocrx_word' id='word_1_76' title='bbox 447 1427 519 1467; x_wconf 76' lang='grc' dir='ltr'><strong>καὶ</strong></span> <span class='ocrx_word' id='word_1_77' title='bbox 548 1425 675 1481; x_wconf 81' lang='grc' dir='ltr'>ἑτέρῳ</span> <span class='ocrx_word' id='word_1_78' title='bbox 697 1425 878 1481; x_wconf 84' lang='grc' dir='ltr'><strong>σχήματι</strong></span> <span class='ocrx_word' id='word_1_79' title='bbox 897 1425 1093 1480; x_wconf 79' lang='grc' dir='ltr'>ἐπιχειρεῖ</span> <span class='ocrx_word' id='word_1_80' title='bbox 1120 1425 1273 1481; x_wconf 85' lang='grc' dir='ltr'><strong>ζητεῖν,</strong></span> <span class='ocrx_word' id='word_1_81' title='bbox 1305 1425 1380 1468; x_wconf 76' lang='grc' dir='ltr'><strong>καί</strong></span> <span class='ocrx_word' id='word_1_82' title='bbox 1399 1427 1498 1482; x_wconf 85' lang='grc' dir='ltr'>φησί</span> <span class='ocrx_word' id='word_1_83' title='bbox 1528 1440 1566 1468; x_wconf 91' lang='grc' dir='ltr'><strong>τι</strong></span> <span class='ocrx_word' id='word_1_84' title='bbox 1595 1425 1709 1477; x_wconf 80' lang='grc' dir='ltr'>ἐξευ-</span> 
     </span>
     <span class='ocr_line' id='line_1_11' title="bbox 188 1493 1709 1551; baseline 0.002 -15"><span class='ocrx_word' id='word_1_85' title='bbox 188 1494 371 1551; x_wconf 78' lang='grc' dir='ltr'><strong>ρηκέναι,</strong></span> <span class='ocrx_word' id='word_1_86' title='bbox 404 1493 653 1550; x_wconf 84' lang='grc' dir='ltr'><strong>ἐξηπάτηται</strong></span> <span class='ocrx_word' id='word_1_87' title='bbox 682 1495 755 1536; x_wconf 77' lang='grc' dir='ltr'><strong>καὶ</strong></span> <span class='ocrx_word' id='word_1_88' title='bbox 786 1493 1050 1545; x_wconf 79' lang='grc' dir='ltr'><strong>ἐξαπατᾶται.</strong></span> <span class='ocrx_word' id='word_1_89' title='bbox 1095 1498 1158 1538; x_wconf 91' lang='lat' dir='ltr'><strong>est</strong></span> <span class='ocrx_word' id='word_1_90' title='bbox 1187 1497 1327 1538; x_wconf 88' lang='lat' dir='ltr'><strong>autem</strong></span> <span class='ocrx_word' id='word_1_91' title='bbox 1362 1496 1570 1539; x_wconf 86' lang='lat' dir='ltr'><strong>enuntiati</strong></span> <span class='ocrx_word' id='word_1_92' title='bbox 1597 1496 1709 1548; x_wconf 88' lang='lat' dir='ltr'><strong>finis,</strong></span> 
     </span>
     <span class='ocr_line' id='line_1_12' title="bbox 187 1564 1708 1621; baseline 0.001 -14"><span class='ocrx_word' id='word_1_93' title='bbox 187 1579 309 1621; x_wconf 88' lang='lat' dir='ltr'><strong>quem</strong></span> <span class='ocrx_word' id='word_1_94' title='bbox 345 1564 389 1606; x_wconf 94' lang='lat' dir='ltr'><strong>in</strong></span> <span class='ocrx_word' id='word_1_95' title='bbox 428 1564 706 1620; x_wconf 82' lang='lat' dir='ltr'><strong>suspicionem</strong></span> <span class='ocrx_word' id='word_1_96' title='bbox 746 1578 894 1607; x_wconf 86' lang='lat' dir='ltr'><strong>vocare</strong></span> <span class='ocrx_word' id='word_1_97' title='bbox 930 1564 1039 1608; x_wconf 87' lang='lat' dir='ltr'><strong>volo.</strong></span> <span class='ocrx_word' id='word_1_98' title='bbox 1081 1578 1180 1607; x_wconf 89' lang='lat' dir='ltr'><strong>nam</strong></span> <span class='ocrx_word' id='word_1_99' title='bbox 1221 1578 1332 1607; x_wconf 89' lang='lat' dir='ltr'><strong>nunc</strong></span> <span class='ocrx_word' id='word_1_100' title='bbox 1362 1579 1529 1621; x_wconf 87' lang='lat' dir='ltr'><strong>quoque</strong></span> <span class='ocrx_word' id='word_1_101' title='bbox 1558 1566 1708 1608; x_wconf 80' lang='lat' dir='ltr'><strong>haereo</strong></span> 
     </span>
     <span class='ocr_line' id='line_1_13' title="bbox 187 1633 1706 1689; baseline 0 -13"><span class='ocrx_word' id='word_1_102' title='bbox 187 1647 431 1689; x_wconf 86' lang='lat' dir='ltr'><strong>semperque</strong></span> <span class='ocrx_word' id='word_1_103' title='bbox 460 1633 579 1676; x_wconf 90' lang='lat' dir='ltr'><strong>haesi</strong></span> <span class='ocrx_word' id='word_1_104' title='bbox 606 1634 650 1676; x_wconf 92' lang='lat' dir='ltr'><strong>in</strong></span> <span class='ocrx_word' id='word_1_105' title='bbox 680 1648 729 1675; x_wconf 89' lang='lat' dir='ltr'><strong>ea</strong></span> <span class='ocrx_word' id='word_1_106' title='bbox 758 1647 816 1685; x_wconf 85' lang='lat' dir='ltr'><strong>re,</strong></span> <span class='ocrx_word' id='word_1_107' title='bbox 854 1633 963 1688; x_wconf 88' lang='lat' dir='ltr'><strong>quod</strong></span> <span class='ocrx_word' id='word_1_108' title='bbox 995 1633 1216 1676; x_wconf 81' lang='lat' dir='ltr'><strong>coniuncta</strong></span> <span class='ocrx_word' id='word_1_109' title='bbox 1243 1633 1514 1676; x_wconf 87' lang='lat' dir='ltr'><strong>inveniuntur</strong></span> <span class='ocrx_word' id='word_1_110' title='bbox 1543 1637 1585 1676; x_wconf 88' lang='lat' dir='ltr'><strong>et</strong></span> <span class='ocrx_word' id='word_1_111' title='bbox 1612 1641 1706 1689; x_wconf 89' lang='lat' dir='ltr'><strong>per-</strong></span> 
     </span>
     <span class='ocr_line' id='line_1_14' title="bbox 187 1701 1708 1758; baseline 0.002 -14"><span class='ocrx_word' id='word_1_112' title='bbox 187 1702 343 1745; x_wconf 86' lang='lat' dir='ltr'><strong>fectum</strong></span> <span class='ocrx_word' id='word_1_113' title='bbox 365 1704 407 1744; x_wconf 89' lang='lat' dir='ltr'><strong>et</strong></span> <span class='ocrx_word' id='word_1_114' title='bbox 426 1715 622 1758; x_wconf 88' lang='lat' dir='ltr'><strong>praesens</strong></span> <span class='ocrx_word' id='word_1_115' title='bbox 642 1701 810 1756; x_wconf 84' lang='lat' dir='ltr'><strong>passivi,</strong></span> <span class='ocrx_word' id='word_1_116' title='bbox 842 1702 960 1743; x_wconf 87' lang='lat' dir='ltr'><strong>cuius</strong></span> <span class='ocrx_word' id='word_1_117' title='bbox 990 1701 1294 1745; x_wconf 88' lang='lat' dir='ltr'><strong>coniunctionis</strong></span> <span class='ocrx_word' id='word_1_118' title='bbox 1324 1703 1410 1744; x_wconf 86' lang='lat' dir='ltr'><strong>vim</strong></span> <span class='ocrx_word' id='word_1_119' title='bbox 1440 1716 1519 1758; x_wconf 85' lang='lat' dir='ltr'><strong>ego</strong></span> <span class='ocrx_word' id='word_1_120' title='bbox 1540 1703 1708 1758; x_wconf 89' lang='lat' dir='ltr'><strong>quidem</strong></span> 
     </span>
     <span class='ocr_line' id='line_1_15' title="bbox 185 1768 1704 1825; baseline 0.001 -13"><span class='ocrx_word' id='word_1_121' title='bbox 185 1783 269 1813; x_wconf 90' lang='lat' dir='ltr'><strong>non</strong></span> <span class='ocrx_word' id='word_1_122' title='bbox 297 1768 512 1825; x_wconf 75' lang='lat' dir='ltr'><strong>intellego,</strong></span> <span class='ocrx_word' id='word_1_123' title='bbox 557 1771 667 1825; x_wconf 87' lang='lat' dir='ltr'><strong>quod</strong></span> <span class='ocrx_word' id='word_1_124' title='bbox 705 1769 799 1813; x_wconf 86' lang='lat' dir='ltr'><strong>aliis</strong></span> <span class='ocrx_word' id='word_1_125' title='bbox 829 1784 993 1825; x_wconf 88' lang='lat' dir='ltr'><strong>quoque</strong></span> <span class='ocrx_word' id='word_1_126' title='bbox 1033 1770 1194 1821; x_wconf 88' lang='lat' dir='ltr'><strong>accidit,</strong></span> <span class='ocrx_word' id='word_1_127' title='bbox 1236 1784 1331 1812; x_wconf 90' lang='lat' dir='ltr'><strong>cum</strong></span> <span class='ocrx_word' id='word_1_128' title='bbox 1374 1770 1497 1813; x_wconf 87' lang='lat' dir='ltr'><strong>aliter</strong></span> <span class='ocrx_word' id='word_1_129' title='bbox 1535 1785 1704 1814; x_wconf 83' lang='lat' dir='ltr'><strong>conver-</strong></span> 
     </span>
     <span class='ocr_line' id='line_1_16' title="bbox 185 1838 1704 1894; baseline 0.001 -13"><span class='ocrx_word' id='word_1_130' title='bbox 185 1841 322 1881; x_wconf 89' lang='lat' dir='ltr'><strong>terent</strong></span> <span class='ocrx_word' id='word_1_131' title='bbox 350 1840 476 1894; x_wconf 85' lang='lat' dir='ltr'><strong>atque</strong></span> <span class='ocrx_word' id='word_1_132' title='bbox 506 1838 549 1881; x_wconf 91' lang='lat' dir='ltr'><strong>in</strong></span> <span class='ocrx_word' id='word_1_133' title='bbox 579 1839 698 1881; x_wconf 88' lang='lat' dir='ltr'><strong>libris</strong></span> <span class='ocrx_word' id='word_1_134' title='bbox 727 1838 895 1894; x_wconf 85' lang='lat' dir='ltr'><strong>legitur.</strong></span> <span class='ocrx_word' id='word_1_135' title='bbox 932 1840 1005 1882; x_wconf 89' lang='lat' dir='ltr'><strong>sed</strong></span> <span class='ocrx_word' id='word_1_136' title='bbox 1033 1838 1259 1890; x_wconf 86' lang='lat' dir='ltr'><strong>videamus,</strong></span> <span class='ocrx_word' id='word_1_137' title='bbox 1291 1839 1392 1894; x_wconf 88' lang='lat' dir='ltr'><strong>quid</strong></span> <span class='ocrx_word' id='word_1_138' title='bbox 1411 1840 1588 1882; x_wconf 88' lang='lat' dir='ltr'><strong>fecerint</strong></span> <span class='ocrx_word' id='word_1_139' title='bbox 1617 1839 1704 1882; x_wconf 87' lang='lat' dir='ltr'><strong>edi-</strong></span> 
     </span>
     <span class='ocr_line' id='line_1_17' title="bbox 186 1906 1706 1963; baseline 0.001 -14"><span class='ocrx_word' id='word_1_140' title='bbox 186 1910 311 1960; x_wconf 80' lang='lat' dir='ltr'><strong>tores,</strong></span> <span class='ocrx_word' id='word_1_141' title='bbox 342 1908 604 1963; x_wconf 73' lang='lat' dir='ltr'><strong>interpretes,</strong></span> <span class='ocrx_word' id='word_1_142' title='bbox 636 1908 871 1950; x_wconf 85' lang='lat' dir='ltr'><strong>traditores.</strong></span> <span class='ocrx_word' id='word_1_143' title='bbox 919 1907 953 1950; x_wconf 85' lang='lat' dir='ltr'><strong>F</strong></span> <span class='ocrx_word' id='word_1_144' title='bbox 960 1908 1125 1950; x_wconf 72' lang='lat' dir='ltr'><strong>oesius</strong></span> <span class='ocrx_word' id='word_1_145' title='bbox 1157 1906 1282 1962; x_wconf 86' lang='lat' dir='ltr'><strong>(Sect.</strong></span> <span class='ocrx_word' id='word_1_146' title='bbox 1311 1908 1345 1959; x_wconf 92' lang='lat' dir='ltr'><strong>I,</strong></span> <span class='ocrx_word' id='word_1_147' title='bbox 1376 1922 1416 1962; x_wconf 92' lang='lat' dir='ltr'><strong>p.</strong></span> <span class='ocrx_word' id='word_1_148' title='bbox 1446 1907 1490 1963; x_wconf 90' lang='lat'><strong>8)</strong></span> <span class='ocrx_word' id='word_1_149' title='bbox 1521 1908 1706 1951; x_wconf 89' lang='lat' dir='ltr'><strong>codicum</strong></span> 
     </span>
     <span class='ocr_line' id='line_1_18' title="bbox 184 1975 1705 2032; baseline 0.001 -14"><span class='ocrx_word' id='word_1_150' title='bbox 184 1976 434 2032; x_wconf 82' lang='lat' dir='ltr'><strong>scripturam</strong></span> <span class='ocrx_word' id='word_1_151' title='bbox 465 1990 636 2020; x_wconf 85' lang='lat' dir='ltr'><strong>servans</strong></span> <span class='ocrx_word' id='word_1_152' title='bbox 663 1977 791 2020; x_wconf 78' lang='lat' dir='ltr'><strong>verba</strong></span> <span class='ocrx_word' id='word_1_153' title='bbox 815 1975 964 2019; x_wconf 89' lang='lat' dir='ltr'><strong>Latine</strong></span> <span class='ocrx_word' id='word_1_154' title='bbox 989 1977 1033 2019; x_wconf 91' lang='lat' dir='ltr'><strong>in</strong></span> <span class='ocrx_word' id='word_1_155' title='bbox 1060 1976 1173 2019; x_wconf 89' lang='lat' dir='ltr'><strong>hunc</strong></span> <span class='ocrx_word' id='word_1_156' title='bbox 1201 1977 1373 2019; x_wconf 90' lang='lat' dir='ltr'><strong>modum</strong></span> <span class='ocrx_word' id='word_1_157' title='bbox 1402 1977 1547 2019; x_wconf 86' lang='lat' dir='ltr'><strong>vertit:</strong></span> <span class='ocrx_word' id='word_1_158' title='bbox 1585 1991 1705 2028; x_wconf 80' lang='lat' dir='ltr'><strong>„cum</strong></span> 
     </span>
     <span class='ocr_line' id='line_1_19' title="bbox 184 2044 1706 2101; baseline -0.001 -12"><span class='ocrx_word' id='word_1_159' title='bbox 184 2045 359 2098; x_wconf 86' lang='lat' dir='ltr'><strong>fallitur,</strong></span> <span class='ocrx_word' id='word_1_160' title='bbox 391 2049 481 2088; x_wconf 90' lang='lat' dir='ltr'><strong>tum</strong></span> <span class='ocrx_word' id='word_1_161' title='bbox 511 2045 616 2088; x_wconf 86' lang='lat' dir='ltr'><strong>alios</strong></span> <span class='ocrx_word' id='word_1_162' title='bbox 646 2045 799 2088; x_wconf 71' lang='lat' dir='ltr'><strong>fallit‘.</strong></span> <span class='ocrx_word' id='word_1_163' title='bbox 845 2045 1116 2088; x_wconf 87' lang='lat' dir='ltr'><strong>Lindenius</strong></span> <span class='ocrx_word' id='word_1_164' title='bbox 1147 2045 1244 2101; x_wconf 87' lang='lat' dir='ltr'><strong>(vol.</strong></span> <span class='ocrx_word' id='word_1_165' title='bbox 1266 2045 1299 2097; x_wconf 94' lang='lat' dir='ltr'><strong>I,</strong></span> <span class='ocrx_word' id='word_1_166' title='bbox 1330 2060 1372 2101; x_wconf 87' lang='lat' dir='ltr'><strong>p.</strong></span> <span class='ocrx_word' id='word_1_167' title='bbox 1395 2044 1467 2100; x_wconf 87' lang='lat'><strong>16)</strong></span> <span class='ocrx_word' id='word_1_168' title='bbox 1487 2045 1706 2088; x_wconf 90' lang='lat' dir='ltr'><strong>lectionem</strong></span> 
     </span>
     <span class='ocr_line' id='line_1_20' title="bbox 182 2113 1707 2170; baseline 0 -14"><span class='ocrx_word' id='word_1_169' title='bbox 182 2114 384 2157; x_wconf 89' lang='lat' dir='ltr'><strong>librorum</strong></span> <span class='ocrx_word' id='word_1_170' title='bbox 404 2114 592 2169; x_wconf 89' lang='lat' dir='ltr'><strong>sequitur</strong></span> <span class='ocrx_word' id='word_1_171' title='bbox 622 2117 786 2156; x_wconf 84' lang='lat' dir='ltr'><strong>vertens</strong></span> <span class='ocrx_word' id='word_1_172' title='bbox 816 2116 870 2157; x_wconf 88' lang='lat' dir='ltr'><strong>ad</strong></span> <span class='ocrx_word' id='word_1_173' title='bbox 897 2114 1084 2167; x_wconf 83' lang='lat' dir='ltr'><strong>verbum,</strong></span> <span class='ocrx_word' id='word_1_174' title='bbox 1116 2117 1165 2156; x_wconf 91' lang='lat' dir='ltr'><strong>ut</strong></span> <span class='ocrx_word' id='word_1_175' title='bbox 1193 2115 1396 2170; x_wconf 89' lang='lat' dir='ltr'><strong>scriptum</strong></span> <span class='ocrx_word' id='word_1_176' title='bbox 1427 2117 1514 2157; x_wconf 85' lang='lat' dir='ltr'><strong>est:</strong></span> <span class='ocrx_word' id='word_1_177' title='bbox 1549 2113 1707 2166; x_wconf 80' lang='lat' dir='ltr'><strong>„falsus</strong></span> 
     </span>
     <span class='ocr_line' id='line_1_21' title="bbox 183 2181 1706 2240; baseline -0.001 -14"><span class='ocrx_word' id='word_1_178' title='bbox 183 2186 247 2226; x_wconf 85' lang='lat' dir='ltr'><strong>est</strong></span> <span class='ocrx_word' id='word_1_179' title='bbox 267 2186 309 2226; x_wconf 90' lang='lat' dir='ltr'><strong>et</strong></span> <span class='ocrx_word' id='word_1_180' title='bbox 328 2182 531 2226; x_wconf 84' lang='lat' dir='ltr'><strong>fallitur“.</strong></span> <span class='ocrx_word' id='word_1_181' title='bbox 554 2195 639 2225; x_wconf 88' lang='lat' dir='ltr'><strong>non</strong></span> <span class='ocrx_word' id='word_1_182' title='bbox 659 2181 782 2227; x_wconf 89' lang='lat' dir='ltr'><strong>aliter</strong></span> <span class='ocrx_word' id='word_1_183' title='bbox 799 2182 1026 2226; x_wconf 71' lang='lat' dir='ltr'><strong>Littreus</strong></span> <span class='ocrx_word' id='word_1_184' title='bbox 1046 2185 1145 2240; x_wconf 83' lang='lat' dir='ltr'><strong>egit,</strong></span> <span class='ocrx_word' id='word_1_185' title='bbox 1167 2184 1240 2239; x_wconf 90' lang='lat' dir='ltr'><strong>qui</strong></span> <span class='ocrx_word' id='word_1_186' title='bbox 1259 2183 1408 2226; x_wconf 84' lang='lat' dir='ltr'><strong>vertit:</strong></span> <span class='ocrx_word' id='word_1_187' title='bbox 1440 2182 1642 2235; x_wconf 74' lang='lat' dir='ltr'><strong>„celui-la</strong></span> <span class='ocrx_word' id='word_1_188' title='bbox 1662 2196 1706 2225; x_wconf 80' lang='lat' dir='ltr'><strong>ee</strong></span> 
     </span>
     <span class='ocr_line' id='line_1_22' title="bbox 182 2251 1703 2308; baseline -0.001 -14"><span class='ocrx_word' id='word_1_189' title='bbox 182 2255 346 2307; x_wconf 89' lang='lat' dir='ltr'><strong>trompe</strong></span> <span class='ocrx_word' id='word_1_190' title='bbox 366 2256 408 2295; x_wconf 88' lang='lat' dir='ltr'><strong>et</strong></span> <span class='ocrx_word' id='word_1_191' title='bbox 426 2254 590 2306; x_wconf 90' lang='lat' dir='ltr'><strong>trompe</strong></span> <span class='ocrx_word' id='word_1_192' title='bbox 616 2252 678 2294; x_wconf 84' lang='lat' dir='ltr'><strong>les</strong></span> <span class='ocrx_word' id='word_1_193' title='bbox 707 2255 874 2295; x_wconf 86' lang='lat' dir='ltr'><strong>autres“</strong></span> <span class='ocrx_word' id='word_1_194' title='bbox 907 2252 1003 2308; x_wconf 86' lang='lat' dir='ltr'><strong>(vol.</strong></span> <span class='ocrx_word' id='word_1_195' title='bbox 1025 2251 1058 2304; x_wconf 93' lang='lat' dir='ltr'><strong>I,</strong></span> <span class='ocrx_word' id='word_1_196' title='bbox 1089 2269 1132 2308; x_wconf 90' lang='lat' dir='ltr'><strong>p.</strong></span> <span class='ocrx_word' id='word_1_197' title='bbox 1156 2251 1279 2307; x_wconf 86' lang='lat'><strong>572);</strong></span> <span class='ocrx_word' id='word_1_198' title='bbox 1310 2253 1414 2295; x_wconf 85' lang='lat' dir='ltr'><strong>item</strong></span> <span class='ocrx_word' id='word_1_199' title='bbox 1443 2251 1703 2302; x_wconf 87' lang='lat' dir='ltr'><strong>Fuchsius,</strong></span> 
     </span>
     <span class='ocr_line' id='line_1_23' title="bbox 182 2319 1706 2375; baseline 0 -13"><span class='ocrx_word' id='word_1_200' title='bbox 182 2321 256 2375; x_wconf 88' lang='lat' dir='ltr'><strong>qui</strong></span> <span class='ocrx_word' id='word_1_201' title='bbox 277 2319 520 2364; x_wconf 84' lang='lat' dir='ltr'><strong>Germanice</strong></span> <span class='ocrx_word' id='word_1_202' title='bbox 539 2319 677 2363; x_wconf 90' lang='lat' dir='ltr'><strong>locum</strong></span> <span class='ocrx_word' id='word_1_203' title='bbox 697 2320 759 2363; x_wconf 83' lang='lat' dir='ltr'><strong>ita</strong></span> <span class='ocrx_word' id='word_1_204' title='bbox 779 2321 1019 2364; x_wconf 83' lang='lat' dir='ltr'><strong>transtulit:</strong></span> <span class='ocrx_word' id='word_1_205' title='bbox 1053 2322 1156 2374; x_wconf 82' lang='lat' dir='ltr'><strong>„der</strong></span> <span class='ocrx_word' id='word_1_206' title='bbox 1174 2321 1340 2364; x_wconf 72' lang='lat' dir='ltr'><strong>tiiuscht</strong></span> <span class='ocrx_word' id='word_1_207' title='bbox 1358 2320 1449 2364; x_wconf 75' lang='lat' dir='ltr'><strong>sich</strong></span> <span class='ocrx_word' id='word_1_208' title='bbox 1469 2320 1598 2364; x_wconf 80' lang='lat' dir='ltr'><strong>selbst</strong></span> <span class='ocrx_word' id='word_1_209' title='bbox 1615 2320 1706 2363; x_wconf 78' lang='lat' dir='ltr'><strong>und</strong></span> 
     </span>
     <span class='ocr_line' id='line_1_24' title="bbox 181 2388 1706 2446; baseline 0 -15"><span class='ocrx_word' id='word_1_210' title='bbox 181 2389 374 2432; x_wconf 43' lang='lat' dir='ltr'><strong>andem&amp;</strong></span> <span class='ocrx_word' id='word_1_211' title='bbox 418 2390 562 2444; x_wconf 89' lang='lat' dir='ltr'><strong>itaque</strong></span> <span class='ocrx_word' id='word_1_212' title='bbox 591 2390 716 2432; x_wconf 91' lang='lat' dir='ltr'><strong>homo</strong></span> <span class='ocrx_word' id='word_1_213' title='bbox 746 2391 938 2446; x_wconf 86' lang='lat' dir='ltr'><strong>suspicax</strong></span> <span class='ocrx_word' id='word_1_214' title='bbox 968 2390 1281 2445; x_wconf 83' lang='lat' dir='ltr'><strong>malevolusque</strong></span> <span class='ocrx_word' id='word_1_215' title='bbox 1311 2389 1435 2431; x_wconf 90' lang='lat' dir='ltr'><strong>facile</strong></span> <span class='ocrx_word' id='word_1_216' title='bbox 1464 2388 1544 2432; x_wconf 84' lang='lat' dir='ltr'><strong>sibi</strong></span> <span class='ocrx_word' id='word_1_217' title='bbox 1572 2388 1706 2444; x_wconf 84' lang='lat' dir='ltr'><strong>finget</strong></span> 
     </span>
     <span class='ocr_line' id='line_1_25' title="bbox 182 2447 1704 2513; baseline -0.001 -14"><span class='ocrx_word' id='word_1_218' title='bbox 182 2471 325 2499; x_wconf 88' lang='lat' dir='ltr'><strong>omnes</strong></span> <span class='ocrx_word' id='word_1_219' title='bbox 354 2471 437 2500; x_wconf 85' lang='lat' dir='ltr'><strong>non</strong></span> <span class='ocrx_word' id='word_1_220' title='bbox 467 2457 582 2513; x_wconf 86' lang='lat' dir='ltr'><strong>ipsos</strong></span> <span class='ocrx_word' id='word_1_221' title='bbox 611 2458 739 2509; x_wconf 82' lang='lat' dir='ltr'><strong>verba</strong></span> <span class='ocrx_word' id='word_1_222' title='bbox 767 2458 1047 2510; x_wconf 89' lang='lat' dir='ltr'><strong>transtulisse,</strong></span> <span class='ocrx_word' id='word_1_223' title='bbox 1090 2459 1162 2500; x_wconf 92' lang='lat' dir='ltr'><strong>sed</strong></span> <span class='ocrx_word' id='word_1_224' title='bbox 1191 2457 1385 2499; x_wconf 70' lang='lat' dir='ltr'><strong>Foesium</strong></span> <span class='ocrx_word' id='word_1_225' title='bbox 1425 2447 1704 2512; x_wconf 84' lang='lat' dir='ltr'><strong>exscripsisse,</strong></span> 
     </span>
     <span class='ocr_line' id='line_1_26' title="bbox 181 2524 1703 2581; baseline 0 -14"><span class='ocrx_word' id='word_1_226' title='bbox 181 2529 350 2581; x_wconf 87' lang='lat' dir='ltr'><strong>excepto</strong></span> <span class='ocrx_word' id='word_1_227' title='bbox 376 2540 460 2569; x_wconf 89' lang='lat' dir='ltr'><strong>uno</strong></span> <span class='ocrx_word' id='word_1_228' title='bbox 488 2526 564 2569; x_wconf 89' lang='lat' dir='ltr'><strong>illo</strong></span> <span class='ocrx_word' id='word_1_229' title='bbox 583 2525 797 2569; x_wconf 87' lang='lat' dir='ltr'><strong>Lindenio.</strong></span> <span class='ocrx_word' id='word_1_230' title='bbox 829 2525 942 2569; x_wconf 89' lang='lat' dir='ltr'><strong>solus</strong></span> <span class='ocrx_word' id='word_1_231' title='bbox 971 2526 1309 2569; x_wconf 82' lang='lat' dir='ltr'><strong>Ermerinsius</strong></span> <span class='ocrx_word' id='word_1_232' title='bbox 1339 2524 1466 2567; x_wconf 85' lang='lat' dir='ltr'><strong>aliam</strong></span> <span class='ocrx_word' id='word_1_233' title='bbox 1496 2525 1703 2581; x_wconf 88' lang='lat' dir='ltr'><strong>interpre-</strong></span> 
     </span>
     <span class='ocr_line' id='line_1_27' title="bbox 179 2593 1704 2650; baseline -0.001 -13"><span class='ocrx_word' id='word_1_234' title='bbox 179 2594 298 2637; x_wconf 83' lang='lat' dir='ltr'><strong>tandi</strong></span> <span class='ocrx_word' id='word_1_235' title='bbox 316 2595 429 2638; x_wconf 79' lang='lat' dir='ltr'><strong>viam</strong></span> <span class='ocrx_word' id='word_1_236' title='bbox 448 2595 662 2650; x_wconf 88' lang='lat' dir='ltr'><strong>ingressus</strong></span> <span class='ocrx_word' id='word_1_237' title='bbox 682 2597 763 2646; x_wconf 80' lang='lat' dir='ltr'><strong>est3</strong></span> <span class='ocrx_word' id='word_1_238' title='bbox 794 2595 1011 2639; x_wconf 85' lang='lat' dir='ltr'><strong>contendit</strong></span> <span class='ocrx_word' id='word_1_239' title='bbox 1030 2596 1141 2638; x_wconf 88' lang='lat' dir='ltr'><strong>enim</strong></span> <span class='ocrx_word' id='word_1_240' title='bbox 1163 2594 1261 2650; x_wconf 81' lang='lat' dir='ltr'><strong>(vol.</strong></span> <span class='ocrx_word' id='word_1_241' title='bbox 1290 2593 1344 2646; x_wconf 91' lang='lat' dir='ltr'><strong>H,</strong></span> <span class='ocrx_word' id='word_1_242' title='bbox 1375 2608 1417 2649; x_wconf 89' lang='lat' dir='ltr'><strong>p.</strong></span> <span class='ocrx_word' id='word_1_243' title='bbox 1439 2593 1513 2648; x_wconf 90' lang='grc'><strong>20)</strong></span> <span class='ocrx_word' id='word_1_244' title='bbox 1544 2594 1589 2637; x_wconf 89' lang='lat' dir='ltr'><strong>in</strong></span> <span class='ocrx_word' id='word_1_245' title='bbox 1617 2593 1704 2636; x_wconf 86' lang='lat' dir='ltr'><strong>illis</strong></span> 
     </span>
     <span class='ocr_line' id='line_1_28' title="bbox 179 2662 1702 2718; baseline 0 -13"><span class='ocrx_word' id='word_1_246' title='bbox 179 2662 317 2706; x_wconf 86' lang='lat' dir='ltr'><strong>verbis</strong></span> <span class='ocrx_word' id='word_1_247' title='bbox 345 2665 429 2707; x_wconf 89' lang='lat' dir='ltr'><strong>iam</strong></span> <span class='ocrx_word' id='word_1_248' title='bbox 459 2663 568 2707; x_wconf 91' lang='lat' dir='ltr'><strong>nihil</strong></span> <span class='ocrx_word' id='word_1_249' title='bbox 587 2664 828 2707; x_wconf 84' lang='lat' dir='ltr'><strong>offensionis</strong></span> <span class='ocrx_word' id='word_1_250' title='bbox 847 2664 995 2716; x_wconf 85' lang='lat' dir='ltr'><strong>inesse,</strong></span> <span class='ocrx_word' id='word_1_251' title='bbox 1026 2664 1063 2706; x_wconf 89' lang='lat' dir='ltr'><strong>si</strong></span> <span class='ocrx_word' id='word_1_252' title='bbox 1093 2666 1350 2707; x_wconf 88' lang='lat' dir='ltr'><strong>verterentur</strong></span> <span class='ocrx_word' id='word_1_253' title='bbox 1384 2663 1444 2715; x_wconf 85' lang='lat' dir='ltr'><strong>„is</strong></span> <span class='ocrx_word' id='word_1_254' title='bbox 1475 2677 1570 2706; x_wconf 93' lang='lat' dir='ltr'><strong>cum</strong></span> <span class='ocrx_word' id='word_1_255' title='bbox 1591 2662 1702 2718; x_wconf 86' lang='lat' dir='ltr'><strong>falli·</strong></span> 
     </span>
     <span class='ocr_line' id='line_1_29' title="bbox 179 2726 1701 2789; baseline 0 -16"><span class='ocrx_word' id='word_1_256' title='bbox 179 2733 261 2783; x_wconf 87' lang='lat' dir='ltr'><strong>tur,</strong></span> <span class='ocrx_word' id='word_1_257' title='bbox 293 2726 386 2775; x_wconf 86' lang='lat' dir='ltr'><strong>tum</strong></span> <span class='ocrx_word' id='word_1_258' title='bbox 414 2733 519 2776; x_wconf 87' lang='lat' dir='ltr'><strong>alios</strong></span> <span class='ocrx_word' id='word_1_259' title='bbox 547 2732 659 2776; x_wconf 86' lang='lat' dir='ltr'><strong>fallit</strong></span> <span class='ocrx_word' id='word_1_260' title='bbox 668 2736 698 2776; x_wconf 74' lang='lat'><strong>⁸.</strong></span> <span class='ocrx_word' id='word_1_261' title='bbox 739 2733 810 2775; x_wconf 89' lang='lat' dir='ltr'><strong>sed</strong></span> <span class='ocrx_word' id='word_1_262' title='bbox 841 2747 936 2777; x_wconf 89' lang='lat' dir='ltr'><strong>cum</strong></span> <span class='ocrx_word' id='word_1_263' title='bbox 965 2746 1049 2775; x_wconf 91' lang='lat' dir='ltr'><strong>non</strong></span> <span class='ocrx_word' id='word_1_264' title='bbox 1079 2734 1247 2789; x_wconf 85' lang='lat' dir='ltr'><strong>ignoret</strong></span> <span class='ocrx_word' id='word_1_265' title='bbox 1276 2745 1368 2774; x_wconf 86' lang='lat' dir='ltr'><strong>eam</strong></span> <span class='ocrx_word' id='word_1_266' title='bbox 1399 2745 1526 2787; x_wconf 91' lang='lat' dir='ltr'><strong>quam</strong></span> <span class='ocrx_word' id='word_1_267' title='bbox 1555 2734 1701 2786; x_wconf 85' lang='lat' dir='ltr'><strong>postu-</strong></span> 
     </span>
     <span class='ocr_line' id='line_1_30' title="bbox 180 2798 1699 2857; baseline -0.001 -16"><span class='ocrx_word' id='word_1_268' title='bbox 180 2798 243 2843; x_wconf 86' lang='lat' dir='ltr'><strong>lat</strong></span> <span class='ocrx_word' id='word_1_269' title='bbox 271 2800 618 2857; x_wconf 85' lang='lat' dir='ltr'><strong>significationem</strong></span> <span class='ocrx_word' id='word_1_270' title='bbox 649 2816 700 2845; x_wconf 86' lang='lat' dir='ltr'><strong>ex</strong></span> <span class='ocrx_word' id='word_1_271' title='bbox 729 2802 824 2845; x_wconf 88' lang='lat' dir='ltr'><strong>istis</strong></span> <span class='ocrx_word' id='word_1_272' title='bbox 853 2801 990 2845; x_wconf 85' lang='lat' dir='ltr'><strong>verbis</strong></span> <span class='ocrx_word' id='word_1_273' title='bbox 1021 2801 1137 2845; x_wconf 91' lang='lat' dir='ltr'><strong>nullo</strong></span> <span class='ocrx_word' id='word_1_274' title='bbox 1166 2801 1288 2844; x_wconf 87' lang='lat' dir='ltr'><strong>modo</strong></span> <span class='ocrx_word' id='word_1_275' title='bbox 1319 2800 1414 2844; x_wconf 92' lang='lat' dir='ltr'><strong>elici</strong></span> <span class='ocrx_word' id='word_1_276' title='bbox 1434 2813 1568 2856; x_wconf 88' lang='lat' dir='ltr'><strong>posse,</strong></span> <span class='ocrx_word' id='word_1_277' title='bbox 1600 2812 1699 2842; x_wconf 90' lang='lat' dir='ltr'><strong>con-</strong></span> 
     </span>
    </p>
   </div>
  </div>
 </body>
</html>
