1920 3063
215 114 268 155 12
659 111 958 147 Guilelmus
993 111 1288 154 Schonack,

737 224 791 269 Π.
831 225 910 269 De
950 224 1208 270 Fractis.

946 305 997 348 V.

329 374 435 419 Cum
476 375 684 418 variarum
723 373 1059 417 observationum
1099 388 1225 418 causa
1252 376 1389 419 varios
1417 375 1547 418 libros
1577 373 1739 430 Hippo-

210 445 388 487 craticos
429 447 555 499 atque
593 457 676 494 eos,
721 444 795 497 qui
830 443 883 485 ad
913 443 1170 498 chirurgiam
1200 443 1426 500 pertinent,
1466 443 1737 498 perlegerem,

213 512 381 555 obviam
413 526 457 554 se
487 510 615 554 dabat
656 511 763 553 mihi
793 510 908 554 locus
947 525 1048 553 sane
1077 510 1278 553 notabilis
1307 512 1352 553 in
1382 510 1503 562 libro,
1543 511 1616 566 qui
1644 510 1738 564 περὶ

210 581 354 635 ἀγμῶν
383 578 640 622 inscribitur.
675 578 877 633 leguntur
918 579 1029 621 enim
1072 592 1119 621 eo
1148 577 1240 621 loco
1270 591 1304 620 c.
1336 578 1405 621 26.
1437 592 1478 632 p.
1510 580 1576 622 84.
1609 594 1648 620 v.
1683 580 1734 621 11

209 648 289 692 vol.
322 647 366 690 H
395 648 458 690 ed.
490 646 543 690 Κ.
574 646 746 689 haecce:
788 645 817 700 ἡ
845 645 989 701 πρώτη
1019 644 1218 702 περιβολή
1252 677 1262 687 .
1297 677 1306 687 .
1338 677 1348 688 .
1382 677 1392 687 .
1422 645 1659 699 ὑπερεχέτω
1689 648 1736 687 τὸ

208 715 372 758 ὁθόνιον
402 715 580 757 ἔνθεν
615 728 675 757 τε
704 729 734 757 κ
753 716 810 757 αἰ
841 715 1032 766 ἔνθεν,
1065 717 1109 758 et
1129 715 1361 758 secundum
1382 718 1632 771 apparatum
1653 715 1735 758 cri-

207 787 338 828 ticum
367 796 510 827 omnes
539 783 701 826 codices
720 785 762 826 h.
784 784 813 826 l.
844 785 906 826 ita
936 783 1137 826 exhibent
1164 783 1422 839 interpositis
1452 783 1562 826 inter
1581 783 1737 838 duplex

206 851 312 895 illud
352 852 472 893 ἔνθεν
512 851 673 895 voculis
701 866 746 893 τε
776 853 860 896 καί.
909 852 980 894 sed
1024 853 1060 894 si
1108 853 1202 907 quis
1242 852 1460 906 aliquanto
1502 851 1736 894 accuratius

206 921 337 964 libros
382 920 641 976 chirurgicos
688 920 806 975 (sunt
834 923 975 963 autem
1004 920 1073 962 hi:
1115 920 1167 962 de
1208 920 1357 975 capitis
1386 919 1641 970 vulneribus,
1686 920 1737 962 de

205 988 377 1032 officina
406 989 570 1038 medici,
603 991 652 1032 de
682 989 840 1042 fractis,
881 990 931 1032 de
961 988 1164 1040 articulis,
1205 989 1440 1040 vectiarius,
1471 989 1521 1031 de
1549 987 1734 1031 vulneri-

206 1056 298 1108 bus,
342 1058 394 1100 de
432 1057 844 1111 haemorrhoidibus,
891 1059 942 1101 de
985 1056 1155 1112 fistulis)
1195 1056 1472 1112 perspexerit,
1516 1055 1737 1112 intelleget

204 1125 314 1167 hanc
344 1125 524 1168 formam
553 1140 638 1168 non
661 1127 867 1183 quadrare
896 1128 941 1169 in
972 1125 1139 1169 solitam
1168 1125 1389 1180 utriusque
1413 1125 1534 1166 ἔνθεν
1563 1138 1733 1179 compo-

204 1193 332 1236 nendi
363 1193 720 1246 consuetudinem,
752 1194 865 1250 quod
894 1193 1008 1237 infra
1037 1193 1240 1249 exemplis
1270 1194 1437 1245 docebo,
1467 1193 1542 1236 ubi
1571 1207 1735 1248 semper

204 1261 500 1315 interpositum
530 1263 745 1305 invenitur
773 1262 846 1303 καί
876 1263 1025 1305 solum.
1071 1261 1190 1305 nulla
1220 1263 1311 1304 eius
1345 1262 1512 1318 generis
1543 1261 1734 1316 exempla

205 1329 407 1372 exhibent
435 1329 480 1372 ll.
514 1331 564 1372 de
606 1344 695 1385 cap.
728 1332 862 1382 vuln.‚
901 1331 951 1373 de
980 1331 1130 1381 baem,
1174 1331 1226 1373 de
1266 1330 1395 1381 vuln.,
1441 1330 1492 1372 de
1521 1330 1619 1381 fist,
1662 1331 1735 1372 sed

203 1396 307 1439 satis
337 1398 472 1440 multa
500 1397 585 1441 alia
615 1400 773 1455 scripta
800 1400 1049 1456 chirurgica,
1094 1413 1202 1454 quae
1243 1413 1370 1455 supra
1399 1399 1733 1443 commemoravi.

203 1466 355 1510 addam
385 1468 558 1510 eandem
596 1469 873 1524 coniungendi
904 1470 1082 1511 formam
1126 1469 1253 1510 etiam
1290 1469 1334 1511 in
1364 1468 1573 1524 particula
1604 1469 1734 1510 ἔνθα

201 1549 280 1577 usu
310 1536 466 1588 venire,
497 1537 615 1578 cuius
644 1537 704 1579 rei
734 1551 868 1592 pauca
896 1537 1085 1579 adiciam.

317 1604 350 1646 I.
383 1604 440 1647 de
468 1604 555 1646 off.
586 1605 726 1647 med.:
757 1619 791 1647 c.
827 1606 893 1647 12.
926 1606 993 1647 39.
1031 1605 1097 1647 17.

317 1665 373 1715 II.
406 1673 462 1714 de
492 1672 693 1715 fractis:
733 1687 764 1715 c.
798 1673 865 1715 13.
889 1672 957 1716 68.
981 1673 1029 1724 63
1061 1687 1094 1716 c.
1121 1673 1187 1715 13.
1212 1673 1278 1715 68.
1306 1673 1382 1723 153
1414 1686 1447 1714 c.
1473 1671 1538 1716 13.
1562 1671 1630 1714 68.
1655 1671 1731 1720 17;

200 1756 233 1783 c.
266 1741 335 1783 25.
374 1739 442 1782 82.
478 1742 553 1790 10;
598 1756 632 1783 c.
666 1742 734 1784 25.
775 1742 843 1784 82.
877 1743 952 1791 153
999 1757 1035 1784 c.
1068 1742 1135 1784 25.
1177 1741 1245 1783 83.
1279 1741 1327 1790 53
1374 1756 1407 1783 c.
1440 1742 1508 1782 25.
1548 1740 1616 1781 83.
1651 1740 1729 1788 113

199 1823 233 1851 c.
267 1809 336 1851 29.
369 1808 437 1851 89.
473 1809 547 1860 17;
587 1824 622 1852 c.
655 1811 723 1853 30.
756 1811 824 1853 91.
861 1811 932 1862 14;
973 1825 1007 1852 c.
1040 1811 1108 1852 30.
1142 1811 1210 1853 92.
1247 1810 1322 1860 103
1363 1825 1398 1852 c.
1429 1810 1498 1853 48.
1532 1809 1629 1852 109.
1661 1809 1730 1851 23.

314 1875 391 1920 III.
424 1878 480 1920 de
512 1879 766 1922 articulis:
799 1894 833 1921 c.
866 1881 906 1922 3.
940 1880 1036 1922 115.
1069 1879 1116 1929 6;
1150 1895 1183 1922 c.
1216 1879 1283 1922 34.
1317 1879 1414 1920 153.
1446 1878 1656 1921 18—154.
1683 1879 1730 1927 13

198 1960 232 1989 c.
266 1945 335 1989 37.
371 1946 467 1989 157.
498 1947 545 1997 6;
577 1961 611 1990 c.
645 1947 714 1991 37.
749 1948 845 1991 158.
878 1951 927 1999 4;
960 1963 996 1991 c.
1028 1950 1096 1992 43.
1133 1948 1227 1992 169.
1264 1949 1310 2001 1;
1351 1962 1386 1990 c.
1417 1948 1487 1990 45.
1522 1947 1619 1990 171.
1653 1946 1728 1997 18;

197 2030 232 2057 c.
264 2014 333 2056 46.
366 2015 462 2057 175.
492 2017 570 2065 213
615 2030 649 2057 c.
681 2019 750 2059 47.
789 2017 884 2058 176.
915 2018 994 2067 213
1038 2031 1073 2059 c.
1105 2017 1175 2059 47.
1209 2017 1304 2059 180.
1341 2017 1415 2067 153
1460 2029 1494 2058 c.
1529 2017 1597 2059 72.
1631 2016 1727 2058 228.

202 2083 277 2135 19;
309 2097 344 2125 c.
379 2083 445 2125 72.
480 2084 576 2126 229.
614 2085 688 2135 133
722 2100 754 2128 c.
790 2085 858 2127 78.
890 2086 987 2128 238.
1021 2087 1070 2136 8;
1103 2100 1137 2128 c.
1170 2085 1239 2129 80.
1269 2085 1366 2127 241.
1395 2085 1435 2127 3.

312 2152 388 2195 IV.
421 2152 721 2194 vectiarius:
753 2167 786 2195 c.
819 2154 886 2196 38.
919 2153 1017 2196 269.
1052 2154 1116 2196 16.

314 2219 484 2262 ἐνθαε
524 2220 576 2262 de
605 2221 723 2263 artic.
756 2236 789 2265 c.
825 2222 890 2264 10.
926 2222 1020 2264 127.
1045 2222 1094 2270 93
1125 2236 1160 2264 c.
1182 2222 1251 2264 40.
1276 2221 1370 2264 163.
1394 2221 1443 2270 33
1475 2235 1508 2263 c.
1537 2220 1606 2263 47.
1632 2219 1726 2263 178.

198 2289 277 2338 163
308 2303 343 2331 c.
376 2289 444 2331 56.
478 2289 575 2330 200.
609 2288 686 2338 203
719 2303 755 2331 c.
788 2289 855 2330 74.
889 2290 987 2332 232.
1020 2290 1073 2339 53
1105 2303 1138 2331 c.
1172 2289 1241 2331 82.
1273 2289 1370 2332 242.
1405 2290 1445 2331 6.
1508 2288 1590 2339 Qui
1631 2288 1728 2341 loci,

195 2358 355 2412 opinor,
400 2357 617 2399 sufficiunt
647 2357 700 2399 ad
730 2358 923 2400 voculam
953 2371 1011 2409 τε,
1050 2372 1158 2412 quae
1187 2359 1231 2400 in
1262 2371 1297 2399 c.
1329 2357 1399 2399 26.
1432 2358 1500 2400 84.
1534 2359 1584 2399 11
1619 2357 1727 2399 falso

194 2425 338 2468 addita
368 2428 446 2476 est,
477 2426 604 2468 etiam
636 2428 782 2468 contra
812 2426 1000 2468 codicum
1031 2426 1327 2469 auctoritatem
1358 2426 1690 2482 expungendam.

571 2538 646 2582 III.
689 2539 768 2582 De
810 2539 1348 2593 praenotionibus.

931 2618 1003 2661 VI.

311 2686 388 2730 III.
419 2687 488 2729 Pr
505 2702 531 2730 a
546 2702 568 2730 e
583 2702 625 2730 n.
657 2702 690 2730 c.
727 2689 792 2730 12.
827 2688 895 2730 89.
932 2688 996 2730 18.
1040 2687 1227 2743 σημαίνει
1265 2689 1347 2742 γὰρ
1387 2686 1615 2742 ἀσφάλειαν
1653 2687 1726 2728 καὶ

190 2756 238 2796 τὸ
260 2755 422 2811 νόσημα
444 2755 726 2810 ὀλιγοχρόνιον
748 2757 941 2798 ἔσεσθαιε
974 2757 1032 2799 sic
1054 2756 1471 2799 Kuehleweinius
1492 2756 1572 2799 hoc
1593 2770 1724 2798 enun-
