1920 3063
201 115 227 156 6
645 112 947 148 Guilelmus
981 112 1280 157 Schonack‚

199 230 358 272 iectura
402 228 495 272 loco
540 228 747 272 medelam
796 227 992 271 adhibuit
1029 229 1224 277 ,scribens
1274 228 1525 285 ἑξηπάτηταί
1568 242 1613 272 τε
1657 231 1730 271 καὶ

200 298 402 353 ἐξαπατᾷ.
444 298 488 339 in
525 298 797 340 annotatione
826 297 991 339 notavit
1021 311 1065 339 se
1095 297 1283 341 codicum
1312 298 1502 341 lectionis
1531 312 1584 340 ne
1614 298 1727 341 litte-

198 366 336 411 rulam
367 365 536 422 quidem
574 365 838 408 omittentem
868 378 935 406 ται
973 366 1018 408 in
1047 378 1093 406 τε
1123 369 1307 409 mutasse
1338 369 1381 409 et
1408 367 1728 422 transposuisse,

199 437 300 490 quia
329 435 518 477 codicum
548 434 758 488 scriptura
786 435 894 476 miro
923 447 1047 475 sensu
1067 437 1177 476 esset
1197 438 1239 476 et
1258 436 1363 477 satis
1382 436 1537 489 inepto.
1568 435 1636 477 his
1655 435 1730 477 ad-

199 504 296 547 dere
316 502 443 546 velim
462 505 628 557 praeter
647 500 919 545 Henricum
941 500 1173 544 Weilium
1189 500 1220 556 1)
1242 515 1377 558 nuper
1396 501 1729 546 Wilamowit-

198 574 326 614 zium
342 570 376 625 2)
408 571 633 613 coniecisse
671 569 923 624 ἐξηπάτηται
962 570 1035 610 καὶ
1066 568 1265 623 ἐξαπατᾷ,
1306 571 1351 611 in
1381 584 1465 624 qua
1494 571 1732 613 coniectura

198 641 279 682 hoc
309 639 408 682 falsi
437 639 561 688 inest,
593 634 705 693 quod
735 637 811 680 illa
842 639 924 680 duo
954 637 1082 680 verba
1111 638 1201 680 sola
1220 638 1428 692 particula
1457 638 1529 680 καί
1557 640 1729 682 coniun-

199 711 373 763 guntur,
404 720 533 762 quam
569 706 844 762 componendi
879 706 1058 748 formam
1089 706 1144 748 ab
1173 706 1299 748 huius
1335 707 1518 750 auctoris
1554 721 1727 750 consue-

198 777 344 820 tudine
380 775 607 819 abhorrere
635 774 720 818 alio
749 775 842 818 loco
883 775 1045 818 ostendi
1062 774 1108 830 ⁸).
1150 789 1257 831 quae
1298 776 1482 819 virorum
1514 776 1731 820 doctorum

198 845 417 889 molimina
444 847 517 900 qui
537 845 777 899 inspexerit,
809 845 1033 888 mirabitur
1053 858 1197 887 omues
1227 859 1314 888 non
1334 845 1605 896 intellexisse,
1634 845 1678 886 h.
1699 843 1729 886 l.

199 914 325 971 plane
350 914 598 958 mutandum
619 926 723 965 esse,
755 925 899 956 omnes
920 916 1060 956 autem
1081 913 1337 957 consensisse
1367 913 1412 956 in
1432 928 1494 966 eo,
1525 913 1637 969 quod
1656 926 1728 956 ex·

200 983 473 1038 spectandum
505 984 615 1024 esset
645 982 922 1024 contradictio
953 983 1158 1036 quaedam
1189 982 1299 1024 inter
1328 982 1547 1033 medicum,
1582 983 1657 1036 qui
1687 996 1731 1023 se

198 1055 338 1107 ipsum
368 1050 580 1107 deciperet
611 1052 654 1092 et
683 1050 915 1107 imperitos,
961 1065 1066 1106 quos
1095 1051 1168 1094 ille
1198 1050 1375 1095 falleret.
1417 1051 1490 1095 sed
1519 1052 1556 1094 is
1586 1064 1730 1094 sensus

197 1121 292 1161 istis
321 1119 461 1161 verbis
489 1120 625 1161 inesse
655 1132 740 1160 non
767 1122 920 1174 potest.
954 1120 1106 1161 dixerit
1136 1119 1358 1174 quispiam,
1389 1120 1569 1162 fortasse
1598 1120 1658 1162 sic
1686 1121 1731 1161 in

200 1201 434 1232 sermonem
476 1187 749 1231 vernaculum
794 1188 1039 1231 vertendum
1082 1201 1194 1232 esse:
1242 1202 1314 1242 „er
1347 1190 1405 1233 ist
1442 1189 1502 1232 im
1538 1187 1732 1233 Zustand

199 1256 465 1311 bestdndiyer
499 1256 752 1311 Tiiuschunq
782 1257 871 1299 und
899 1257 1066 1300 tiiuscht
1093 1257 1180 1300 sich
1219 1257 1373 1300 nocW:
1414 1271 1513 1300 sane
1551 1257 1731 1300 concedo

200 1325 244 1369 h.
267 1325 295 1369 l.
326 1324 471 1381 aliquo
499 1324 624 1368 modo
654 1325 715 1368 sic
735 1324 844 1368 verti
863 1339 998 1380 posse,
1028 1325 1101 1368 sed
1129 1325 1236 1368 mihi
1257 1326 1422 1369 videtur
1441 1326 1631 1368 contorta
1649 1324 1732 1368 ista

203 1394 512 1449 interpretatio.
554 1408 629 1436 cur
658 1394 783 1446 enim,
824 1394 861 1436 si
897 1396 990 1449 quis
1020 1396 1064 1436 in
1095 1409 1232 1437 errore
1265 1396 1514 1451 perseverat,
1544 1393 1588 1435 id
1620 1393 1731 1448 quod

201 1464 318 1507 haud
348 1463 475 1506 dubie
511 1461 777 1517 significatur
806 1463 994 1517 perfecto
1030 1466 1219 1519 tempore
1258 1462 1522 1517 ἐξηπάτηται,
1563 1463 1732 1505 additur

198 1547 245 1575 se
274 1544 401 1587 porro
431 1544 598 1586 quoque
629 1530 800 1586 decipi?
844 1531 955 1585 quod
992 1531 1098 1573 mihi
1127 1531 1292 1573 videtur
1321 1544 1411 1573 esse
1440 1530 1597 1585 logices
1626 1529 1731 1573 illud

198 1601 310 1644 idem
331 1614 407 1655 per
426 1599 551 1642 idem.
583 1599 686 1654 quin
708 1599 888 1654 denique
917 1599 1027 1642 nihil
1052 1600 1296 1652 habeamus,
1327 1614 1400 1643 cur
1430 1599 1604 1643 verbum
1634 1598 1728 1649 &Ea-

199 1674 381 1710 πατᾶται
409 1671 622 1711 vertamus
655 1681 728 1720 „er
759 1667 925 1710 to'iuscht
953 1669 1134 1711 andere“
1167 1682 1291 1711 nemo
1319 1668 1541 1711 dubitabit.
1572 1667 1731 1712 accedit

199 1738 312 1793 quod
340 1737 473 1788 nullo,
504 1736 669 1791 opinor,
700 1737 794 1780 loco
825 1740 911 1779 tam
944 1738 1051 1780 mira
1080 1738 1237 1780 locutio
1267 1737 1408 1780 fulciri
1436 1738 1601 1793 poterit.
1632 1751 1731 1779 sane

198 1807 364 1862 saepius
395 1805 580 1849 eiusdem
609 1805 725 1848 verbi
747 1806 912 1848 diversa
931 1808 1122 1861 tempora
1142 1805 1356 1863 leguntur,
1385 1806 1511 1862 idque
1539 1807 1582 1848 in
1612 1808 1729 1848 utro-

198 1889 280 1930 que
309 1888 463 1931 genere
492 1874 621 1916 verbi.
665 1874 738 1916 sed
769 1873 934 1916 nullum
963 1875 1138 1916 memini
1168 1888 1236 1917 me
1265 1876 1453 1918 invenire
1482 1874 1728 1930 exemplum,

197 1943 312 1998 quod
334 1956 430 1985 cum
455 1943 530 1985 illo
550 1943 644 1985 loco
675 1942 909 1998 comparari
930 1943 1080 1997 potest.
1112 1943 1240 1985 laudo
1257 1943 1390 1999 igitur
1409 1942 1728 1993 Ermerinsium,

198 2013 271 2068 qui
296 2011 482 2067 primum
509 2011 664 2054 viderit
692 2011 736 2053 h.
759 2011 787 2053 1.
820 2009 967 2053 morbo
988 2011 1169 2066 quodam
1200 2014 1434 2067 aegrotare,
1464 2025 1588 2067 quem
1617 2024 1728 2054 mor·

197 2081 298 2122 bum
337 2079 445 2123 mihi
483 2093 569 2123 non
606 2079 772 2122 videtur
801 2083 914 2122 recte
943 2093 1112 2123 sanasse
1152 2080 1336 2123 retinens
1364 2079 1470 2123 illud
1498 2079 1730 2135 perfectum

196 2149 366 2204 passivi,
398 2149 512 2203 quod
532 2148 700 2203 insequi
719 2148 838 2190 iubet
857 2162 1056 2203 praesens
1085 2149 1226 2191 activi.
1259 2149 1340 2191 hoc
1369 2148 1504 2191 solum
1533 2152 1646 2192 recte
1664 2149 1728 2191 in-

196 2215 363 2260 tellexit
392 2216 546 2260 ultima
573 2216 694 2260 -verbi
725 2215 983 2267 ἐξαπατᾶται
1012 2216 1177 2273 syllaba
1207 2230 1276 2258 ται
1305 2216 1416 2260 effici
1444 2230 1568 2273 posse
1595 2217 1729 2274 parti-

197 2285 339 2328 culum
358 2298 422 2336 τες
454 2286 528 2328 sed
558 2286 680 2329 valde
700 2285 860 2337 dubito,
893 2300 996 2328 num
1026 2287 1117 2340 ipse
1146 2286 1433 2329 observaverit
1450 2286 1564 2329 hunc
1591 2286 1726 2341 scrip-

195 2356 331 2397 torem
360 2353 578 2397 adamasse
608 2354 976 2406 constructionem,
1006 2367 1092 2409 qua
1121 2354 1203 2398 duo
1234 2354 1362 2398 verba
1389 2367 1435 2395 τε
1464 2353 1538 2396 καί
1566 2354 1725 2398 voculis

195 2422 457 2477 copulentur.
490 2424 597 2466 mihi
628 2423 800 2478 quidem
828 2423 905 2466 illa
933 2424 1173 2466 coniectura
1202 2438 1288 2466 non
1318 2423 1500 2466 multum
1530 2424 1728 2467 utilitatis

196 2491 477 2535 emendationi
508 2492 675 2536 videtur
694 2492 934 2536 accrevisse.
966 2495 1126 2536 rectum
1146 2506 1315 2536 sensum
1334 2494 1425 2535 tum
1446 2492 1612 2535 demum
1632 2506 1727 2548 per-

196 2560 337 2613 cipies,
358 2574 454 2601 cum
474 2561 693 2615 scripseris
712 2559 1021 2610 ἐξαπατᾶταί
1039 2573 1092 2601 τε
1112 2561 1197 2602 καὶ
1217 2559 1458 2615 ἐξαπατᾷ;
1490 2561 1608 2603 cuius
1627 2574 1728 2603 usus

288 2650 318 2715 ζ)
343 2647 392 2684 cf.
415 2648 541 2685 Revue
564 2647 612 2685 de
663 2648 783 2685 hilolo
813 2649 846 2684 ’e
870 2647 917 2684 N.
942 2647 976 2684 S.
1003 2648 1072 2685 vol.
1097 2648 1144 2685 Π.
1169 2648 1261 2685 1878
1285 2660 1322 2694 p.
1346 2649 1404 2685 87.

305 2700 315 2735 )
339 2694 387 2729 cf.
413 2693 574 2731 Hermae
596 2706 644 2731 vo
663 2721 672 2731 .
699 2695 757 2732 38.
805 2694 945 2781 8986ιι
961 2695 1040 2731 518.

195 2796 219 2829 p
256 2738 395 2820 84⁸ng
413 2739 716 2777 dissertationem
736 2750 859 2776 meam
946 2750 1010 2776 rae
1026 2738 1329 2787 Hippocraticae·
1354 2740 1439 2777 diss.
1457 2739 1598 2787 Regim.
1625 2739 1728 2782 1908,
