1920 3063
470 148 722 185 Coniectanea
743 148 782 184 in
806 149 987 185 nonnulla
1009 148 1150 194 scripta
1172 148 1439 195 Hippocratea.
1660 152 1712 194 13

193 264 345 308 tiatum
375 262 461 320 legi
490 263 617 307 iubet.
663 264 736 308 sed
777 278 876 307 num
916 266 1074 307 rectam
1104 264 1318 321 cogitandi
1359 265 1470 308 viam
1501 265 1712 320 ingressus

194 333 263 384 sit,
295 332 414 375 valde
445 332 603 374 dubito.
640 332 941 374 incertissimae
970 333 1068 374 sunt
1096 333 1283 375 codicum
1313 333 1569 387 scripturae:
1614 347 1712 375 nam

193 403 238 445 in
267 401 384 445 codd.
414 398 458 444 θ’
492 403 534 443 et
563 398 609 442 M
638 400 839 443 articulus
870 402 968 442 ante
996 399 1157 455 νόσημα
1187 401 1313 453 deest,
1354 403 1428 457 qui
1456 401 1556 444 libri
1585 403 1712 444 etiam

193 472 302 514 inter
346 470 427 512 duo
472 467 737 511 substantiva
785 470 896 510 recte
939 481 985 509 τε
1028 468 1100 509 καί
1144 469 1342 512 exhibent
1357 470 1409 524 ⁶);
1462 470 1502 512 V
1539 470 1713 525 praebet

192 540 240 580 τὸ
271 538 433 593 νόσημα
474 535 866 591 ὀλιγοχρονιώτερον
904 538 995 579 sine
1033 539 1217 580 extremo
1259 539 1465 580 enuntiati
1509 538 1712 580 vocabulo

193 605 378 649 ἔσεσθαι.
409 605 510 660 quid
538 604 607 648 hic
636 604 873 647 faciendum
903 606 997 647 est?
1026 604 1105 647 hoc
1124 606 1292 659 quidem
1312 620 1388 660 pro
1417 609 1530 648 certo
1551 605 1710 648 habue-

191 675 272 718 rim
309 674 426 717 nullo
465 673 588 715 modo
628 676 785 715 rectam
825 687 915 715 esse
944 672 1164 715 lectionem
1205 674 1258 716 ab
1297 674 1456 716 editore
1484 675 1711 716 novissimo

192 742 535 792 commendatam,
566 755 699 796 neque
729 741 954 784 secundum
986 741 1176 785 codicum
1206 742 1449 785 memoriam
1478 757 1613 798 neque
1642 757 1709 785 se-

193 812 374 854 cundum
402 810 600 865 loquendi
628 810 972 852 consuetudinem
1000 811 1054 852 ab
1084 813 1254 853 auctore
1281 811 1406 853 huius
1425 811 1558 854 libelli
1588 826 1710 854 usur-

192 882 348 934 patam.
388 879 569 935 primum
599 879 717 920 iuvat
748 878 1011 921 Marcianum
1040 879 1193 921 omisso
1222 878 1400 922 articulo
1432 879 1710 933 praestantio-

192 961 282 990 rem
311 947 493 990 formam
537 959 735 998 servasse,
780 961 907 1001 quam
945 946 1171 1008 ⁵lectionem
1216 961 1359 991 omnes
1404 947 1584 990 editores
1628 961 1710 990 uno

192 1014 508 1058 Kuehleweinio
544 1017 717 1068 excepto
754 1014 937 1069 amplexi
967 1017 1066 1057 sunt
1096 1014 1165 1069 (cf.
1197 1014 1314 1057 Foes.
1348 1019 1445 1058 sect.
1477 1015 1532 1066 ΙΙ,
1563 1029 1602 1069 p.
1632 1011 1709 1064 4‘0;

191 1083 361 1127 Linden.
398 1083 481 1126 vol.
510 1081 546 1136 Ι,
580 1097 620 1138 p.
653 1082 760 1134 4563
805 1083 904 1126 Litt.
937 1083 1019 1126 vol.
1049 1082 1104 1135 H,
1143 1097 1184 1138 p.
1219 1083 1322 1134 1403
1366 1082 1528 1126 Ermer.
1564 1081 1643 1126 vol.
1674 1081 1709 1133 Ι,

191 1167 230 1207 p.
264 1151 389 1206 138);
436 1152 583 1194 deinde
629 1151 811 1194 codicem
842 1152 1094 1194 Vaticanum
1139 1151 1333 1207 neglecto
1374 1151 1501 1193 verbo
1539 1150 1710 1192 ἔσεσθαι

189 1223 346 1263 rectam
388 1218 608 1263 lectionem
653 1233 841 1262 servasse
883 1234 982 1263 mox
1021 1220 1253 1276 apparebit.
1299 1234 1406 1275 quae
1450 1219 1592 1262 omnia
1620 1222 1710 1262 tum

190 1289 356 1331 demum
395 1288 692 1338 diiudicantur,
738 1302 831 1330 cum
874 1289 1105 1332 accuratius
1146 1289 1190 1330 in
1235 1288 1361 1331 huius
1406 1287 1622 1342 scriptoris
1664 1286 1710 1328 in

190 1357 271 1400 hac
299 1357 467 1412 quidem
506 1371 551 1399 re
586 1356 795 1400 scribendi
832 1371 989 1399 morem
1027 1357 1332 1413 inquisivimus.
1378 1356 1540 1412 perlegi
1579 1355 1711 1411 igitur

190 1425 374 1480 primum
413 1425 441 1467 l.
474 1425 524 1467 de
553 1438 695 1479 praen.
726 1426 877 1479 ipsum,
924 1425 1084 1477 deinde,
1128 1425 1306 1477 iudicio,
1347 1425 1458 1481 quod
1501 1424 1591 1467 solo
1634 1421 1710 1466 illo

188 1492 299 1535 libro
328 1491 533 1545 firmatur,
572 1492 838 1544 adminiculo,
879 1494 1033 1537 similia
1071 1496 1228 1549 scripta
1265 1495 1309 1537 in
1345 1508 1515 1548 corpore
1545 1492 1709 1548 Hippo-

190 1565 331 1603 crateo
350 1561 521 1612 tradita,
542 1562 634 1604 dico
656 1562 966 1616 praedictorum
981 1562 1111 1605 libros
1127 1563 1229 1605 duos
1250 1561 1328 1618 (Li.
1340 1561 1391 1612 V,
1408 1576 1448 1616 p.
1461 1561 1708 1609 510-—5733

189 1628 251 1671 Li.
282 1628 356 1680 IX,
387 1644 427 1683 p.
452 1628 609 1684 1—75)
641 1632 683 1672 et
700 1630 992 1685 praenotiones
1013 1628 1167 1672 Goacas
1198 1629 1275 1683 (Li.
1301 1630 1349 1680 V,
1382 1645 1421 1683 p.
1448 1629 1707 1682 588—738).

190 1697 405 1752 exemplis,
446 1710 553 1752 quae
590 1700 796 1752 quantum
833 1711 1005 1752 possum
1033 1698 1174 1741 omnia
1211 1698 1395 1750 afferam,
1437 1695 1709 1740 confirmatur

189 1766 372 1819 primum
408 1779 434 1806 a
468 1764 595 1808 verbo
636 1764 844 1820 σημαίνειν
884 1779 1047 1821 semper
1090 1766 1269 1820 pendere
1313 1765 1575 1808 substantiva
1602 1764 1709 1815 „sine

190 1833 366 1875 articulo
385 1834 535 1888 posita,
567 1834 714 1876 deinde
742 1833 905 1877 nullum
926 1834 1099 1877 verbum
1123 1833 1210 1877 illis
1230 1833 1502 1877 substantivis
1532 1832 1708 1876 adnecti.

192 1901 315 1953 locos,
354 1916 458 1956 quos
495 1916 606 1945 nunc
638 1902 879 1958 prolaturus
909 1918 1014 1955 sum,
1044 1903 1105 1945 ita
1135 1904 1378 1959 dispescam,
1409 1904 1459 1944 ut
1487 1901 1627 1944 ordiar
1654 1900 1708 1943 ab

188 1968 288 2021 illis,
320 1970 393 2012 ubi
423 1984 552 2013 unum
582 1970 892 2016 substantivum
922 1985 1018 2015 cum
1046 1971 1174 2014 verbo
1204 1970 1410 2026 σημαίνειν
1440 1969 1708 2013 coniunctum

189 2037 358 2094 legitur,
395 2038 521 2081 finem
557 2039 707 2082 faciam
747 2040 802 2081 ab
836 2040 934 2093 illis,
977 2041 1050 2083 ubi
1085 2040 1323 2095 duplicatur
1352 2039 1708 2082 substantivorum

188 2120 397 2149 numerus.
428 2111 519 2150 tum
551 2107 688 2162 quivis
717 2111 856 2152 mente
884 2112 1134 2164 praesumet,
1165 2109 1371 2163 quomodo
1397 2108 1440 2150 h.
1462 2106 1489 2150 l.
1522 2106 1706 2150 scriben-

190 2174 267 2217 dus
296 2174 364 2217 sit.

304 2241 348 2286 I.
378 2241 548 2287 Praen.
594 2243 636 2299 a)
667 2258 839 2287 unum
878 2245 1364 2288 substantivum:
1396 2259 1430 2286 c.
1464 2245 1503 2286 3.
1536 2243 1604 2286 81.
1639 2243 1705 2285 19.

190 2309 374 2364 ἀλυσμὸν
404 2312 486 2365 γὰρ
527 2311 724 2366 σημαίνει.
770 2325 803 2354 c.
837 2313 876 2355 7.
909 2313 978 2355 85.
1012 2315 1049 2356 1.
1091 2311 1277 2367 σημαίνει
1305 2311 1493 2353 κίνδυνον
1523 2309 1707 2353 θανάτου

190 2377 486 2433 ὀλιγοχρόνιον.
530 2394 565 2422 c.
600 2380 665 2422 13.
698 2380 766 2421 91.
803 2380 868 2422 17.
900 2380 1084 2422 θάνατον
1114 2380 1311 2435 σημαίνει.

306 2445 350 2501 b)
380 2447 406 2489 d
424 2462 489 2490 uo
520 2448 942 2491 substantiva:
974 2463 1009 2491 c.
1031 2450 1072 2492 3.
1095 2449 1164 2491 81.
1186 2450 1255 2491 24.
1286 2446 1605 2502 παραφροσύνην
1625 2446 1707 2498 γὰρ

189 2513 374 2569 σημαίνει
393 2515 421 2570 ἢ
441 2514 589 2570 ὀδύνην
608 2516 697 2556 τινὰ
717 2521 797 2557 τῶν
817 2516 911 2570 περὶ
931 2518 1004 2571 τὴν
1033 2516 1218 2571 γαστέρα
1247 2516 1396 2560 τόπων.
1428 2530 1461 2558 c.
1486 2517 1525 2558 6.
1548 2515 1616 2558 83.
1640 2515 1705 2557 16.

189 2582 374 2626 θάνατον
404 2583 665 2639 σημαίνουσιν
686 2617 696 2627 .
720 2617 730 2627 .
754 2618 762 2627 .
788 2618 797 2627 .
822 2591 953 2640 μῆκος
983 2585 1146 2628 νούσου.
1187 2600 1222 2628 c.
1254 2586 1294 2628 9.
1329 2585 1396 2628 87.
1427 2586 1492 2627 11.
1524 2583 1709 2638 σημαίνει

189 2650 315 2692 πόνον
345 2651 373 2706 ἢ
403 2652 600 2695 θάνατον.
631 2668 666 2696 c.
698 2655 768 2697 23.
803 2655 897 2698 103.
931 2654 999 2697 19.
1031 2654 1214 2696 θάνατον
1245 2653 1429 2710 σημαίνει
1448 2652 1476 2707 ἣ
1504 2653 1706 2706 ὑποστρο-

281 2800 311 2844 ⁸)
334 2799 379 2835 cf.
404 2799 699 2836 dissertationem
725 2810 847 2835 meam
874 2799 1015 2842 „Curae
1039 2799 1347 2846 Hippocraticae‘
1375 2800 1475 2842 1908,
1498 2811 1533 2845 p.
1558 2800 1614 2835 94.
