1920 3063
488 130 737 168 Coniectum
757 130 799 166 in
816 111 1004 166 *nonnulla
1026 129 1167 176 scripta
1187 128 1453 176 Hippocraten.
1704 131 1729 173 7

211 246 422 290 notissimi
440 247 674 302 praesentis
691 247 847 302 passivi
875 250 918 289 et
945 247 1073 290 activi
1102 249 1196 289 arte
1212 246 1435 302 copulandi
1455 246 1600 290 multis
1619 246 1731 289 mul·

212 317 352 358 tarum
381 314 626 372 linguarum
655 314 857 370 exemplis
886 318 929 358 et
957 316 1225 370 antiqu-rum
1254 318 1298 357 et
1325 315 1604 359 recentiorum
1631 314 1732 358 illu·

213 385 371 427 stratur
384 383 435 439 ⁴).
467 383 732 439 aptissimum
762 383 843 426 erit
870 396 959 436 nos,
988 396 1083 426 cum
1113 383 1164 427 de
1182 382 1441 439 Hippocrate
1469 396 1537 426 res
1564 385 1730 439 agatur,

212 467 264 494 ex
292 452 412 494 libris
444 451 752 506 Hippocraticie
781 451 1018 506 exemplum
1048 452 1209 504 afferre,
1239 467 1291 494 ex
1309 452 1338 493 1.
1360 452 1413 494 de
1434 452 1579 494 fractis
1607 465 1641 493 c.
1660 453 1730 494 31.

213 520 282 563 96.
315 521 370 563 22
399 519 453 564 K.
485 519 550 563 11:
586 519 622 562 εἰ
650 519 696 562 δὲ
726 518 796 575 μή,
826 519 949 562 οὐδὲν
976 519 1039 563 δεῖ
1067 519 1199 576 μάτην
1226 519 1368 576 όχλεῐν
1396 520 1470 562 καὶ
1498 518 1729 575 ὀχλεῖσθαι.

212 589 291 630 hoe
311 589 547 644 exemplum
567 591 792 643 propterea
810 587 946 631 solum
966 589 1123 632 sufficit
1141 589 1194 632 ad
1213 589 1336 631 illum
1351 588 1490 632 locum
1517 602 1566 630 eo
1594 589 1729 639 modo,

214 671 299 711 quo
327 655 538 712 proposui,
568 656 884 707 restituendum,
916 655 1015 710 qui·
1041 655 1112 699 hic
1142 669 1309 712 quoque
1337 658 1480 714 agitur
1499 658 1550 700 de
1570 657 1732 700 duobus

213 725 424 779 personis:
469 724 643 766 verbum
682 725 792 767 enim
822 722 961 778 ὀχλεῑν
990 725 1175 779 pertinet
1207 726 1261 767 ad
1297 726 1516 776 medicum,
1559 726 1733 769 verbum

212 792 431 849 ὀχλεῖσθαι
461 794 516 837 ad
543 795 762 848 aegrotum
794 792 1043 849 (supplenda
1072 796 1171 836 sunt
1200 794 1329 837 verba
1357 795 1428 836 τὸν
1459 795 1596 851 ἰητρὸν
1617 827 1627 838 .
1652 828 1661 838 .
1686 828 1695 838 .
1721 828 1729 837 .

213 863 284 903 τὸν
313 861 552 916 κάμνοντα).
585 875 693 916 quae
719 866 859 906 autem
879 861 1110 918 simplicior
1139 867 1202 906 est
1220 863 1460 907 immutatio
1480 877 1607 919 quam
1626 864 1733 907 illa?

212 932 257 975 in
276 931 387 988 quod
417 930 612 975 mendum
632 931 845 985 librarius,
871 931 1079 988 imprimis
1096 934 1201 986 tum,
1235 946 1330 977 cum
1359 935 1451 976 erat
1479 933 1618 976 scriba
1637 946 1733 986 „co-

212 1002 396 1055 gitane“‚
426 1000 593 1043 facilius
621 1000 804 1043 incidere
833 1000 971 1054 potuit
1002 1013 1127 1054 quam
1157 1001 1202 1043 in
1231 1000 1337 1043 illud
1350 1002 1371 1042 1³
1401 1002 1525 1044 modo
1554 1000 1731 1056 scripse·

213 1070 283 1112 rat
326 1066 607 1126 ἐξευρηκέναιι
657 1083 795 1112 nonne
836 1067 913 1112 illo
955 1068 1129 1125 perfecti
1177 1069 1303 1112 activi
1347 1069 1555 1113 infinitivo
1598 1069 1734 1126 quivis

212 1137 363 1180 adduci
390 1138 545 1192 potuit,
574 1139 625 1179 ut
651 1138 765 1179 idem
792 1140 956 1192 tempus
987 1136 1095 1179 falso
1124 1138 1408 1180 introduceret
1436 1139 1480 1180 in
1510 1139 1732 1193 insequen-

212 1209 299 1250 tem
327 1205 480 1259 locum,
520 1207 592 1250 sed
621 1218 716 1249 cum
745 1209 987 1262 sequeretur
1015 1218 1212 1261 praesens
1241 1206 1397 1262 passivi
1426 1208 1605 1263 tempus,
1637 1221 1732 1262 per-

213 1274 371 1318 fectum
399 1275 570 1330 passivi,
601 1275 710 1331 quod
739 1274 849 1316 nihil
877 1276 990 1317 stare
1018 1276 1189 1330 potest?
1219 1275 1324 1317 mihi
1353 1275 1521 1330 quidem
1550 1275 1630 1318 hoc
1667 1276 1732 1318 vi·

213 1343 336 1386 detur
365 1344 453 1387 veri
482 1357 571 1387 esse
600 1342 872 1387 simillimum.
911 1344 985 1399 qui
1014 1343 1193 1399 denique
1221 1343 1398 1399 quaerit,
1430 1345 1503 1400 qui
1532 1344 1618 1388 sint
1655 1343 1733 1396 illi,

214 1424 319 1467 quoe
347 1411 536 1466 decipere
574 1411 676 1454 velit
709 1412 907 1463 medicus,
949 1424 1033 1454 nou
1062 1412 1231 1468 lougius
1267 1426 1434 1455 necesse
1462 1415 1528 1456 est
1556 1413 1734 1456 circum·

213 1481 386 1535 epicintz
428 1483 529 1523 sunt
563 1480 674 1523 enim
712 1481 816 1524 artis
844 1481 1073 1524 medicinae
1103 1480 1300 1535 imperiti,
1338 1481 1366 1524 i.
1398 1495 1433 1523 e.
1465 1481 1639 1536 δημόται
1668 1481 1735 1524 vel

214 1547 385 1598 ἰδιῶται,
419 1548 513 1601 „dso‘e
532 1548 692 1591 Laien“
724 1548 797 1603 qui
827 1549 994 1605 saepius
1013 1549 1058 1590 in
1079 1548 1159 1590 hoc
1178 1548 1315 1604 capite
1335 1553 1732 1592 commemorantur:

214 1615 269 1660 cf.
296 1631 338 1671 p.
361 1618 400 1660 2.
424 1617 478 1659 21
512 1615 689 1672 μάλιστα
715 1615 762 1658 δέ
789 1630 858 1671 μοι
886 1616 1002 1659 δοκεῖ
1037 1617 1131 1671 περὶ
1159 1616 1311 1672 ταύτης
1342 1617 1426 1660 δεῖν
1455 1616 1632 1672 λέγοντα
1660 1623 1734 1672 τῆς

213 1683 360 1740 τὲχνης
389 1686 554 1739 γνωστὰ
582 1683 718 1740 λέγειν
746 1691 854 1727 τοῖσι
873 1684 1085 1742 δημότῃσι.
1126 1699 1167 1741 p.
1190 1685 1230 1729 3.
1252 1687 1279 1728 2
1308 1685 1645 1741 καταμανθάνειν
1676 1684 1734 1734 ὡς

213 1752 367 1808 γίνεται
396 1754 469 1795 καὶ
498 1753 675 1796 παύεται
704 1754 885 1810 δημότας
915 1755 1056 1804 ἐόντας
1086 1756 1135 1797 οὐ
1156 1754 1321 1811 ῥηίδιον.
1360 1769 1401 1810 p.
1425 1755 1464 1797 3.
1487 1756 1513 1798 5
1544 1755 1579 1796 εἰ
1599 1754 1645 1796 δέ
1673 1767 1734 1803 τις

213 1827 287 1877 τῆς
315 1826 398 1864 τῶν
428 1821 622 1864 ἰδιωτέων
651 1821 816 1879 γνώμης
847 1822 1127 1874 ἀποτεύξεται.

943 1937 998 1980 II.

328 2014 386 2060 P.
417 2015 477 2060 M.
508 2031 543 2060 c.
575 2018 615 2060 2.
647 2017 687 2059 2.
720 2017 774 2059 21
817 2017 867 2058 οὐ
895 2017 975 2071 γὰρ
1020 2017 1113 2071 περὶ
1153 2015 1293 2059 ἄλλων
1323 2019 1442 2057 τινῶν
1477 2015 1572 2058 οὔτε
1602 2015 1735 2071 ζητεῖν

214 2084 309 2125 οὔτε
338 2083 473 2140 λέγειν
502 2084 709 2140 προσήκει
735 2086 766 2141 ἢ
801 2086 895 2140 περὶ
929 2091 1012 2128 τῶν
1053 2083 1335 2141 παθημάτων,
1381 2084 1440 2126 ὢν
1479 2084 1594 2126 αὐτοὶ
1625 2085 1737 2126 οὗτοι

306 2163 337 2209 ¹)
361 2163 409 2199 cf.
435 2165 574 2200 Anth.
598 2164 697 2200 Pal.
714 2163 792 2205 XII,
810 2164 891 2206 210,
906 2165 947 2199 4:
970 2166 1103 2208 τέρπων
1119 2164 1294 2208 ἐξόπιθεν,
1315 2164 1449 2207 πρόσθε
1464 2165 1504 2198 δὲ
1517 2165 1735 2207 τερπόμενος.

214 2211 351 2244 ἀπατᾶν
375 2212 540 2253 δοκοΰνες
563 2212 759 2245 ἀπατῶνται
782 2209 826 2255 (P
839 2209 986 2254 hi10);
1012 2209 1040 2246 G
1055 2211 1145 2245 atu
1158 2209 1173 2244 l
1187 2209 1210 2243 l.
1236 2219 1266 2244 c.
1291 2209 1349 2244 45.
1372 2220 1406 2244 v.
1422 2209 1468 2244 20
1493 2209 1634 2243 mutuis
1658 2209 1737 2243 ani-

214 2253 286 2289 mis
309 2256 451 2296 amant,
475 2256 660 2292 amantur.
700 2254 917 2291 Phaedr.
941 2254 987 2291 11.
1011 2255 1044 2290 2.
1068 2255 1110 2291 2:
1135 2255 1273 2296 ament,
1298 2255 1480 2290 amentur.
1523 2252 1620 2289 Cic.
1647 2252 1675 2290 C
1690 2263 1738 2289 a·

214 2300 293 2336 til.
318 2300 364 2336 11.
388 2301 434 2337 23
469 2311 595 2336 amare
620 2303 660 2337 et
682 2302 803 2337 amari
826 2301 1047 2337 didicerunt.
1093 2300 1238 2336 Mart.
1263 2300 1326 2338 VI.
1354 2301 1406 2335 11.
1445 2299 1487 2336 10
1522 2301 1567 2335 ut
1602 2299 1738 2335 amerit

216 2354 312 2380 ame..
361 2345 408 2384 cf.
432 2347 465 2381 A
476 2357 503 2382 u
515 2358 540 2392 g
552 2358 578 2382 u
590 2358 607 2382 ε
618 2346 711 2382 tin.
746 2358 767 2382 c
779 2358 801 2383 o
813 2359 839 2382 n
852 2348 900 2382 fe
913 2358 930 2382 ε
942 2358 970 2381 ε.
994 2346 1073 2381 VII.
1107 2357 1137 2382 c.
1162 2346 1184 2380 2
1221 2347 1281 2381 sat
1316 2347 1398 2380 erat
1433 2345 1537 2386 mihi.
1576 2344 1737 2386 domine,

215 2391 389 2427 adversus
412 2391 499 2428 illos
524 2393 736 2439 deceptores
768 2394 806 2428 et
840 2392 927 2429 dece
952 2394 1012 2428 toa
1037 2421 1044 2429 .
1071 2419 1080 2428 .
1105 2419 1114 2428 .
1149 2391 1197 2427 cf.
1222 2390 1311 2427 ibid.
1335 2389 1399 2427 IV.
1426 2391 1455 2427 1.
1481 2392 1520 2427 et
1541 2389 1586 2427 V.
1613 2389 1666 2428 10.
1693 2390 1738 2427 18

231 2437 528 2475 Wendland.
554 2438 647 2475 Mun.
670 2438 788 2474 Rhen.
811 2440 881 2476 vol.
898 2441 922 2475 4
947 2465 955 2474 .
979 2451 1016 2484 p.
1032 2439 1137 2484 309);
1162 2438 1296 2474 deinde
1317 2437 1595 2482 Lessingii
1619 2437 1740 2473 nostri

220 2484 357 2519 ‘ictum
390 2485 611 2530 „betrogene
633 2484 846 2530 Betrugerz
906 2494 978 2520 uae
1006 2484 1122 2520 verba.
1152 2483 1361 2529 composuit
1385 2482 1589 2519 secundum
1613 2482 1643 2518 P
1659 2493 1712 2519 ae
1725 2502 1738 2510 ·

215 2529 411 2574 qualii,
449 2529 594 2577 philoso
621 2530 662 2566 hi
695 2530 892 2576 Francoga
921 2530 990 2572 ici,
1027 2528 1234 2575 exemplar:
1278 2530 1452 2575 ‚apotree
1487 2527 1653 2575 trompee
1689 2539 1738 2565 ou

215 2579 459 2620 trompeun‘.
518 2577 565 2612 cf.
640 2577 699 2611 al.
734 2576 917 2612 Hirzel
956 2578 996 2611 et
1029 2575 1080 2611 M.
1116 2576 1347 2619 Bernays
1387 2575 1428 2609 in
1462 2574 1578 2609 libro:
1619 2574 1740 2620 „Der

210 2620 228 2665 j
243 2630 267 2655 u
279 2631 305 2655 n
317 2632 343 2666 g
355 2631 375 2656 e
398 2620 430 2656 G
444 2631 466 2656 o
480 2630 500 2655 e
512 2622 567 2657 th
581 2625 621 2657 θ’·
647 2621 719 2657 vol.
736 2621 799 2656 111.
823 2632 858 2667 p.
877 2621 963 2656 309:
992 2621 1071 2663 ,ich
1094 2631 1111 2656 ε
1138 2619 1208 2655 iele
1230 2620 1313 2661 mit,
1337 2619 1518 2655 vielmehr
1540 2619 1603 2655 ich
1618 2619 1740 2656 werde

215 2665 377 2745 {espielt
398 2666 470 2702 wie
494 2666 577 2703 eine
591 2665 848 2703 Μωυσῆν.
884 2665 929 2703 cf.
953 2666 1065 2702 finem
1089 2666 1118 2701 il
1134 2665 1190 2701 ius
1212 2664 1398 2711 poematis
1421 2664 1451 2700 Ε·
1462 2664 1508 2700 ri
1521 2664 1546 2700 d
1559 2676 1579 2701 e
1592 2677 1610 2700 r
1623 2664 1637 2700 i
1649 2676 1669 2701 c
1683 2674 1706 2700 a.
1719 2676 1739 2700 e

259 2712 338 2747 rio
351 2711 403 2748 ni
428 2712 643 2749 dedicatae:
677 2712 783 2755 ,Und
806 2712 915 2754 doch,
937 2712 1059 2748 welch
1075 2710 1204 2753 Glak,
1228 2709 1372 2757 geliebt
1396 2723 1442 2746 zu
1479 2711 1627 2747 werden
1661 2711 1738 2746 und

216 2756 350 2799 Heben,
386 2757 528 2800 Gotter.
564 2758 681 2794 welch
713 2759 774 2794 ein
799 2757 952 2794 Gluck.“
1001 2757 1098 2793 Uhl
1113 2756 1261 2793 audii
1295 2756 1412 2792 illud:
1451 2757 1557 2800 „Wir
1580 2756 1672 2792 eehn
1696 2756 1737 2791 in

216 2801 278 2837 die
302 2804 439 2839 weiten
461 2803 589 2840 Laude
613 2804 690 2840 und
713 2804 862 2840 werden
885 2803 980 2840 doch
1002 2802 1109 2839 nicht
1133 2801 1303 2849 gesehn.‘
