1920 3063
481 157 730 193 Coniectanea
752 158 792 193 in
816 158 1000 193 nonnulla
1022 158 1162 203 scripta
1185 158 1451 203 Hippocraten..
1697 161 1724 202 9

203 286 353 315 causae
382 275 458 324 est,
489 287 562 316 cur
590 273 708 315 illam
738 274 791 316 ab
813 273 1192 329 Hippocrateorum
1221 273 1426 316 librorum
1456 277 1593 317 aetate
1621 274 1724 317 alie-

202 355 300 384 nam
321 354 410 385 esse
430 342 620 386 voculam
647 341 956 385 contendamus.
988 355 1110 385 nemo
1128 355 1266 398 porro,
1298 343 1409 398 quod
1440 342 1649 386 Foesius
1678 343 1724 384 in

201 407 470 460 ,Oeconomia
499 408 785 466 Hippocratis‘
814 410 940 452 huius
977 410 1094 453 verbi
1128 410 1289 453 nullam
1319 412 1573 454 mentionem
1610 410 1722 462 fecit,

201 477 419 525 concludet
467 479 513 521 id
561 492 646 521 non
695 481 859 521 exstare
907 479 951 521 in
999 492 1171 534 corpore
1214 478 1527 535 Hippocratico.
1577 482 1724 522 notum

201 546 313 588 enim
343 548 407 588 est
426 546 709 590 doctissimum
736 545 857 590 illum
887 547 1093 601 medicum
1122 561 1206 590 non
1234 548 1389 599 omnia,
1418 548 1490 590 sed
1519 547 1724 591 notabilia

200 615 404 658 vocabula
443 617 695 672 excerpsisse
725 615 947 671 brevisque
981 617 1287 659 commentariis
1316 616 1577 659 instruxisse.
1617 614 1723 658 mihi

199 683 368 738 quidem
397 683 500 726 haec
541 685 742 727 correctio
779 687 890 727 stare
929 684 1115 736 videtu-r,
1156 685 1401 739 praesertim
1440 699 1536 728 cum
1574 683 1722 726 vocula

199 749 440 806 αἰσθάνημα
459 752 541 796 huc
569 753 809 796 introducta
838 753 995 808 optime
1016 768 1111 796 cum
1131 756 1220 797 toto
1240 753 1540 797 sententiarum
1561 766 1721 796 conexu

198 822 407 862 consonet.
448 820 606 863 accedit
636 821 747 876 quod
777 821 883 864 nihil
914 821 1179 876 impedimur,
1218 822 1439 876 quominus
1467 835 1609 864 vocem
1639 833 1719 860 πα-

198 887 398 942 θημάτων
436 889 598 931 scribae
639 890 854 933 cuiusdam
894 890 1116 934 oscitantia
1154 889 1238 933 huc
1275 891 1491 946 irrepsisse
1526 892 1719 943 putemus

198 955 329 998 oculis
371 957 459 1000 eius
488 957 533 999 in
569 958 858 1013 insequentem
888 959 1138 1002 versiculum
1168 958 1473 1010 aberrantibus,
1514 957 1588 1000 ubi
1616 956 1720 1017 haec

196 1023 416 1082 leguntur:
461 1026 609 1076 αὐτοὺς
641 1028 714 1082 μὲν
744 1028 815 1069 οὖν
845 1029 897 1070 τὰ
928 1027 1064 1084 σφέων
1094 1029 1229 1071 αὐτῶν
1261 1027 1497 1083 παθήματα
1525 1038 1718 1080 καταμα-

197 1094 301 1136 θεῖν.
332 1096 474 1150 itaque
502 1096 748 1139 immutetur
776 1098 821 1140 in
840 1098 952 1140 hunc
979 1099 1172 1140 modum:
1210 1099 1324 1151 περὶ
1353 1103 1445 1138 τῶν
1475 1095 1715 1148 αἰσθενη-

197 1160 376 1216 μάτων,
408 1163 471 1204 ὢν
501 1164 640 1205 αὐτοὶ
669 1165 805 1206 οὗτοι
835 1164 1064 1207 νοσὲουσί
1091 1179 1142 1207 τε
1170 1166 1255 1207 καί
1285 1164 1531 1207 πονέουσι.

309 1321 365 1365 P.
396 1321 456 1366 Μ.
488 1337 523 1365 c.
557 1323 622 1365 19.
645 1324 713 1366 22.
735 1324 804 1366 20.
832 1324 875 1366 h.
901 1325 930 1367 l.
958 1324 1370 1367 Kuehlewein-ius
1401 1338 1451 1365 ex
1481 1323 1716 1366 coniectura

195 1388 465 1433 Reinholdi
485 1392 574 1434 ἴσθι
593 1390 725 1432 τοίνυν
746 1392 927 1447 scripsit,
950 1392 1048 1435 libri
1068 1391 1268 1435 exhibent
1287 1391 1354 1433 vel
1375 1391 1459 1431 ἔστι
1476 1390 1550 1444 (A)
1571 1389 1638 1432 vel
1657 1390 1716 1430 ἔτι

195 1457 289 1513 (Μ).
320 1458 379 1500 ἔτι
398 1460 442 1502 in
462 1462 624 1503 textum
644 1463 888 1515 receperunt
906 1461 1135 1513 Fossam,
1162 1460 1448 1510 Lindenius,
1475 1458 1714 1510 Littreus,

192 1529 544 1572 Ermerinsius.
565 1529 670 1571 mihi
689 1543 856 1584 quoque
877 1529 1028 1572 codicis
1048 1528 1253 1572 Marciani
1272 1529 1479 1582 scriptura
1497 1527 1713 1582 probatur,

193 1596 239 1638 id
268 1598 379 1652 quod
407 1601 497 1640 tum
527 1597 693 1640 demum
723 1601 836 1640 recte
858 1598 950 1640 fieri
969 1601 1120 1653 potest,
1151 1613 1246 1641 cum
1276 1599 1320 1640 in
1350 1597 1482 1640 altera
1510 1596 1717 1638 enuntiati

192 1668 311 1720 parte
341 1665 457 1709 deest
487 1666 555 1719 ὡς,
588 1668 698 1721 quod
727 1681 772 1709 re
806 1680 905 1709 vera
925 1668 1040 1710 deest
1069 1665 1120 1709 in'
1134 1667 1360 1710 Marciano.
1391 1665 1498 1708 illud
1525 1664 1613 1705 ἴσθι
1640 1678 1714 1717 per

192 1748 237 1776 se
266 1734 443 1776 vividius
470 1748 559 1776 esse
581 1735 695 1776 haud
723 1736 991 1790 negaverim3
1023 1736 1095 1778 sed
1117 1735 1240 1790 plane
1270 1734 1468 1776 abhorret
1487 1746 1512 1774 a
1532 1731 1713 1786 simplici

191 1801 435 1844 deductione
476 1804 518 1844 et
555 1801 663 1844 sicca
701 1800 922 1858 sobriaque
964 1802 1209 1854 elocutione,
1249 1801 1401 1858 quibus
1431 1801 1500 1843 hic
1535 1800 1712 1855 scriptor

192 1870 370 1912 excellit.
410 1871 564 1924 itaque,
608 1885 702 1912 cum
732 1871 819 1911 ἴσθι
848 1872 893 1913 in
925 1875 1086 1914 textum
1127 1871 1338 1926 recipitur,
1381 1869 1619 1912 obtruditur
1648 1868 1712 1910 illi

190 1937 397 1983 rhetorica
430 1939 635 1995 quaedam
676 1940 889 1996 cogitandi
930 1941 1184 1984 consuetudo
1213 1942 1485 1995 comptusque
1519 1941 1711 1999 et’orna-

188 2011 258 2049 tus
288 2007 452 2050 dicendi
490 2021 593 2060 mos,
633 2022 658 2049 a
689 2009 840 2063 quibus
878 2009 1056 2051 maculis
1085 2009 1212 2063 longe
1252 2008 1370 2050 abest
1409 2007 1477 2049 hic
1514 2007 1708 2048 medicus.

190 2075 360 2126 accedit,
391 2075 503 2130 quod
531 2077 573 2119 in
595 2076 674 2119 hoc
694 2076 839 2119 libello
868 2077 1032 2119 nullum
1062 2077 1250 2120 invenias
1269 2075 1420 2127 locum,
1453 2088 1536 2129 quo
1565 2076 1711 2116 auctor

189 2143 375 2199 appellat
393 2144 589 2187 lectorem
620 2144 687 2186 vel
719 2146 966 2196 auditorem,
998 2146 1189 2200 quamvis
1218 2144 1458 2199 saepissime
1496 2157 1539 2185 se
1572 2142 1711 2197 ipsum

187 2213 375 2255 nominet
395 2212 465 2268 (cf.
486 2228 526 2268 p.
551 2215 589 2256 2.
615 2216 659 2265 1;
693 2214 835 2262 2.17;
866 2214 906 2256 2.
927 2214 1007 2268 20;
1039 2214 1078 2256 3.
1105 2213 1180 2264 18;
1211 2214 1251 2256 4.
1275 2214 1320 2265 2;
1353 2214 1392 2254 4.
1416 2214 1465 2261 4;
1496 2210 1637 2260 4.17;
1667 2210 1707 2252 5.

191 2282 264 2334 19;
296 2282 335 2325 5.
358 2281 436 2331 22;
470 2282 508 2324 7.
531 2282 611 2333 22;
642 2282 682 2325 9.
705 2283 782 2334 22;
817 2283 883 2325 10.
909 2284 958 2337 1;
991 2283 1058 2326 12.
1084 2283 1150 2335 16,
1175 2283 1242 2334 17,
1264 2283 1339 2331 22;
1373 2281 1438 2324 13.
1460 2280 1507 2331 5;
1541 2280 1607 2323 14.
1639 2279 1709 2321 22.

190 2351 257 2402 17,
282 2351 320 2402 1,
344 2352 391 2404 7;
414 2350 481 2393 18.
505 2351 557 2402 9;
590 2353 659 2394 20.
683 2353 762 2405 11;
796 2353 864 2394 21.
891 2352 967 2401 17;
998 2353 1067 2402 24,
1092 2353 1159 2399 11,
1185 2351 1251 2404 14,
1275 2351 1351 2400 19;
1382 2350 1450 2400 25,
1474 2349 1549 2398 12;
1571 2349 1639 2390 26.
1662 2349 1708 2397 5;

188 2419 256 2462 26.
292 2421 357 2463 18.
390 2420 458 2462 20.
491 2420 565 2471 22;
597 2420 665 2461 27.
690 2420 742 2471 6;
774 2421 843 2472 30,
867 2421 905 2463 5.
929 2419 987 2475 9.)
1017 2421 1053 2462 si
1082 2420 1308 2475 aliquando
1337 2419 1494 2474 legitur
1529 2417 1710 2459 secunda

184 2488 303 2530 verbi
341 2488 522 2530 cuiusvis
551 2501 744 2543 persona,
784 2490 875 2531 tum
904 2502 986 2530 non
1017 2491 1082 2531 est
1112 2502 1226 2530 mera
1255 2486 1475 2537 adlocutio,
1517 2485 1589 2528 sed
1617 2489 1709 2528 tum

115 2560 119 2564 ’
188 2555 432 2599 Germanice
459 2557 669 2599 reddenda
698 2560 762 2599 est
799 2557 948 2599 vocula
979 2558 1130 2609 „man“
1164 2556 1280 2598 velut
1310 2571 1344 2598 c.
1367 2556 1406 2597 9.
1429 2555 1470 2596 9.
1495 2555 1562 2597 19.
1593 2569 1710 2596 meae

185 2625 418 2667 sententiae
446 2624 700 2668 adminiculo
730 2624 941 2680 proferam
972 2626 1075 2667 item
1104 2624 1309 2667 iudicasse
1339 2623 1604 2676 Blassium,
1635 2624 1708 2678 qui

184 2694 229 2735 in
260 2692 607 2748 ephemeridibus,
639 2707 746 2748 quae
776 2693 903 2745 ,Litt.
925 2691 1231 2736 Zentralblatt“
1262 2692 1562 2744 inscribuntur,
1597 2692 1707 2734 1896

183 2776 225 2818 p.
257 2761 341 2805 780
387 2761 495 2804 hanc
524 2760 830 2804 Kuehleweinii
875 2761 1100 2804 editionem
1142 2760 1361 2804 recensuit.
1407 2761 1592 2804 breviter
1635 2760 1706 2803 ille

185 2830 403 2873 annotavit
431 2830 604 2872 haecce:
639 2830 735 2880 „22.
758 2830 813 2872 20
843 2830 902 2871 ἔτι
930 2830 1015 2872 und
1044 2828 1152 2872 ohne
1179 2828 1235 2878 ὡς
1264 2828 1343 2872 mit
1373 2828 1459 2873 M“.
