1920 3063
193 119 247 162 10
637 115 938 153 Guilelmus
974 116 1275 161 Schonack.

921 233 996 277 IV.

306 324 364 370 P.
385 323 447 370 Μ.
480 341 513 368 c.
546 325 612 369 19.
636 325 706 377 23,
729 325 798 369 20.
829 325 899 369 hic
929 329 993 371 est
1022 326 1139 371 locus
1168 327 1471 380 vexatissimu's,
1503 329 1574 384 qui
1604 327 1721 371 criti-

192 409 263 439 cos
307 395 568 449 editoresque
610 407 738 449 quam
782 395 964 437 maxime
1003 395 1141 438 torsit.
1188 395 1260 439 sed
1299 396 1516 440 audiamus
1546 394 1721 447 codices,

193 478 298 520 quas
327 462 557 520 praebeant
595 461 810 507 lectiones.
852 463 898 506 in
926 464 968 508 A
997 463 1178 521 legimus
1208 467 1263 520 (v.
1299 465 1396 521 18):
1442 465 1480 507 τί
1508 465 1590 520 γὰρ
1620 463 1721 506 αὐτὸ

193 531 390 587 φήσωμεν
419 529 523 572 εἰναι
550 529 728 586 κρήσιας
759 531 896 574 αὐτῶν
926 530 1058 589 ἄλλην
1088 532 1193 587 πρὸς
1214 532 1380 589 ἄλληλα
1401 533 1579 589 ἐχούσας
1600 532 1720 575 δύνα-

194 613 272 656 μιν.
318 601 362 644 in
403 598 450 643 M
480 599 685 655 scriptum
727 600 984 644 invenimus:
1030 600 1069 643 τί
1106 599 1143 643 δ’
1170 601 1220 644 ἂν
1264 603 1366 644 αὐτὸ
1404 601 1580 658 φαίημεν
1622 601 1724 644 εἶναι

193 667 341 724 κρῆσίς
372 679 418 710 τε
449 666 609 710 αὐτέων
630 668 730 721 ἐστι,
761 667 869 724 πλὴν
890 670 993 723 πρὸς
1015 667 1180 725 ἄλληλα
1200 669 1358 725 ἔχουσα
1378 667 1560 725 δύναμιν.
1593 682 1720 725 quam

194 740 295 780 sunt
331 737 519 780 diversae
558 737 811 792 scripturae!
857 738 1035 782 editores
1076 740 1302 795 utcumque
1331 739 1591 782 conabantur
1620 738 1663 780 h.
1693 737 1722 780 1.

194 806 402 862 corrigere
441 808 663 862 sequentes
705 820 789 849 non
825 819 988 862 semper
1027 808 1173 851 stricte
1217 808 1378 852 codices
1418 807 1486 851 vel
1514 807 1627 851 hunc
1656 804 1724 850 vel

194 875 328 927 illum,
369 875 442 919 sed
471 875 674 931 eligentes
709 875 945 928 lectionem,
990 890 1097 931 quae
1135 877 1188 920 iis
1217 876 1439 921 videbatur
1468 878 1608 921 sensui
1646 891 1722 931 ap-

193 945 369 988 tissima.
404 942 540 987 solum
569 943 727 998 priores
758 944 946 997 editores,
977 945 1094 988 velut
1124 943 1334 989 Foesius
1364 947 1407 989 et
1435 944 1722 997 Lindenius,

196 1015 350 1057 codicis
379 1013 426 1056 Μ
455 1014 678 1055 lectionem
723 1013 775 1054 ad
820 1013 995 1056 verbum
1035 1017 1346 1068 expresserunt,
1393 1015 1465 1057 sed
1508 1016 1726 1056 verterunt

195 1081 324 1124 variis
363 1081 519 1132 modis;
565 1080 656 1123 hic:
704 1080 833 1135 „quid
877 1084 1017 1125 autem
1062 1083 1200 1138 ipsum
1243 1095 1332 1125 esse
1377 1082 1637 1125 diceremus?
1683 1083 1725 1123 et

194 1153 571 1204 temperamentum
613 1149 802 1204 ipsorum
839 1153 913 1200 est,
962 1163 1107 1193 verum
1137 1153 1279 1193 tamen
1318 1151 1429 1193 inter
1458 1151 1551 1205 ipsa
1578 1153 1725 1192 mutuo

194 1219 282 1261 vim
310 1217 496 1261 habens“
530 1216 629 1273 (vol.
661 1217 695 1270 Ι,
726 1234 766 1275 p.
800 1218 886 1274 34),
916 1217 1014 1262 ille:
1065 1219 1191 1275 „quid
1230 1234 1329 1263 vero
1358 1220 1439 1263 hoc
1467 1219 1606 1275 ipsum
1637 1233 1726 1262 esse

196 1289 412 1331 dicemus?
442 1301 592 1343 nempe
622 1301 765 1330 eorum
798 1289 1226 1343 contemperationem
1256 1302 1346 1331 esse
1374 1302 1522 1332 verum
1552 1301 1602 1330 ea
1631 1301 1726 1330 cum

195 1358 342 1399 mutuo
371 1357 481 1398 inter
511 1371 555 1398 se
583 1355 681 1406 fiat,
721 1359 812 1399 tum
842 1356 929 1398 vim
958 1356 1162 1401 habere*
1189 1356 1314 1412 (Sect.
1346 1357 1379 1400 Ι.
1412 1371 1454 1412 p.
1488 1356 1576 1411 16.)
1617 1356 1725 1399 Lit-

196 1425 336 1465 treus
365 1424 411 1465 in
440 1426 577 1479 prima
606 1425 815 1467 enuntiati
842 1428 963 1479 parte
991 1425 1184 1478 reddidit,
1216 1439 1325 1480 quae
1354 1425 1556 1481 leguntur
1584 1424 1631 1466 in.
1655 1422 1724 1466 M:

195 1491 234 1532 τί
264 1490 301 1533 δ’
320 1491 371 1532 ἂν
401 1492 503 1533 αὐτὸ
533 1491 709 1546 φαίημεν
739 1493 855 1544 εἶναι,
894 1494 940 1535 in
970 1495 1152 1537 secunda
1181 1495 1350 1537 secutus
1380 1495 1444 1536 est
1472 1491 1656 1535 codicem
1685 1489 1727 1534 A

195 1559 373 1614 κρήσιας
408 1560 545 1601 αὐτῶν
576 1560 707 1615 ἀλλην
736 1562 841 1614 πρὸς
870 1560 1036 1616 ἄλληλα
1066 1560 1245 1616 ἐχούσας
1272 1560 1464 1614 δύναμινε
1495 1573 1603 1615 quae
1631 1559 1726 1600 uni-

195 1643 315 1672 versa
344 1629 471 1672 vertit
508 1631 552 1671 in
584 1628 696 1672 hunc
725 1629 913 1672 modum:
948 1643 1058 1685 „que
1087 1629 1242 1673 devons
1274 1642 1381 1672 nous
1411 1628 1519 1671 donc
1547 1642 1575 1682 y
1604 1628 1725 1678 voit?

197 1698 269 1740 des
309 1696 526 1753 melanges
566 1695 816 1748 d'humeurs,
860 1698 933 1752 qui
972 1699 1048 1740 ont
1078 1697 1150 1740 des
1188 1697 1422 1754 proprietes
1454 1696 1638 1740 diverses
1667 1694 1728 1738 les

196 1780 300 1808 unes
320 1780 396 1820 par
425 1768 602 1820 rapport
629 1780 712 1808 aux
743 1768 897 1808 autres.
910 1768 927 1788 '¹
960 1766 1070 1808 hanc
1089 1767 1394 1822 interpretandi
1414 1767 1525 1808 viam
1544 1764 1727 1808 Littreus

197 1835 413 1877 excusavit
445 1834 525 1877 hac
560 1833 879 1877 deliberatione:
910 1834 956 1876 in
986 1834 1164 1877 lectione
1194 1836 1362 1888 recepta
1390 1846 1436 1875 τε
1466 1833 1727 1876 abundanter

195 1904 381 1958 positum
411 1916 513 1953 esse,
545 1902 695 1945 deinde
724 1904 943 1957 scriptura,
984 1917 1110 1957 quam
1139 1903 1360 1958 praeberet
1389 1901 1443 1954 A,
1472 1901 1624 1944 melius
1652 1914 1724 1943 ex·

196 1971 350 2027 pediri,
394 1984 501 2026 quae
546 1970 696 2013 fuisset
741 1971 959 2028 scriptoris
1003 1970 1325 2028 argumentatio.
1370 1983 1495 2027 porro
1536 1969 1727 2013 enuclea·

196 2041 260 2081 vit
289 2040 473 2082 auctoris
504 2039 755 2081 sententiam
785 2053 976 2094 pugnare
1005 2039 1047 2081 h.
1078 2039 1108 2081 1.
1140 2042 1286 2082 contra
1313 2037 1424 2090 illos,
1457 2038 1530 2092 qui
1559 2037 1728 2080 morbos

197 2108 485 2154 adscriberent
513 2107 671 2165 frigido
710 2108 778 2152 vel
816 2107 963 2161 calido,
1006 2124 1058 2152 ex
1095 2108 1248 2164 quibus
1278 2106 1554 2163 qualitatibus
1594 2106 1728 2150 altera

198 2177 322 2219 alteri
351 2176 627 2225 reniteretur;
673 2177 744 2219 sed
773 2179 822 2218 ut
850 2177 1075 2219 humorum
1104 2177 1235 2218 coctio
1265 2175 1533 2231 perficeretur
1562 2186 1728 2217 necesse

198 2261 289 2289 esse
332 2246 439 2288 istas
484 2244 712 2300 qualitates
763 2246 1066 2289 diversissimas
1115 2260 1204 2288 esse
1253 2244 1499 2288 commixtas
1550 2243 1650 2297 (vol.
1693 2243 1727 2293 Ι,

197 2329 237 2369 p.
271 2313 388 2367 618).
435 2314 558 2356 aliter
589 2312 929 2356 Ermerinsius
967 2312 1237 2356 difficultates
1281 2313 1414 2355 vitare
1453 2313 1627 2354 conatus
1664 2312 1729 2352 est

198 2384 272 2439 (cf.
303 2383 385 2426 vol.
417 2382 472 2434 II,
503 2398 545 2439 p.
577 2383 631 2424 41
663 2381 850 2437 annot.):
897 2382 964 2424 cui
993 2384 1190 2426 neutrum
1220 2382 1389 2425 videtur
1417 2381 1642 2435 integrum,
1684 2379 1728 2422 id

198 2452 310 2507 quod
340 2466 387 2494 re
416 2466 516 2493 vera
545 2452 608 2493 ita
637 2453 715 2503 est,
748 2451 821 2493 sed
848 2454 989 2494 tamen
1019 2452 1064 2492 in
1094 2449 1256 2494 duabus
1285 2449 1516 2492 sententiae
1536 2449 1728 2504 partibus

197 2520 431 2564 formandis
460 2523 628 2564 secutus
659 2522 723 2564 est
751 2520 960 2575 imprimis
989 2520 1174 2564 codicem
1203 2518 1442 2563 Par-isinum
1471 2518 1653 2561 scribens
1682 2516 1728 2559 in

198 2591 335 2643 prima
359 2592 501 2644 parte:
533 2588 572 2630 τί
600 2589 682 2643 γὰρ
713 2588 814 2629 αὐτὸ
845 2587 1030 2642 φήσομεν
1060 2587 1177 2629 εἶναι.
1209 2587 1281 2629 sed
1311 2586 1492 2630 secunda
1521 2584 1728 2628 enuntiati

198 2672 297 2712 pars
327 2659 366 2700 ei
391 2658 516 2712 plena
545 2672 629 2700 non
660 2657 827 2700 videtur
856 2656 939 2699 nisi
967 2657 1013 2698 in
1043 2657 1307 2699 enuntiatum
1336 2655 1578 2698 inseruntur
1605 2665 1728 2696 voces

199 2726 271 2768 καὶ
300 2725 447 2782 ἄλλην,
477 2740 587 2782 quae
607 2725 823 2782 ponendae
854 2728 953 2769 sunt
972 2727 1070 2781 post
1099 2722 1352 2769 vocabulum
1380 2722 1525 2779 ἀλλην,
1556 2724 1606 2766 ut
1624 2721 1728 2766 haec
