1920 3063
480 137 728 175 Coniectanea
750 138 791 174 in
813 139 998 175 nonnulla
1020 139 1162 185 scripta
1184 138 1446 186 Hippocrates.
1668 144 1720 186 11

152 312 156 316 ⁴
203 256 260 298 sit
288 259 376 299 tote.
406 258 640 299 structura:
682 254 721 296 τί
749 255 831 310 γὰρ
872 255 975 296 αὐτὸ
1005 254 1189 311 φήσομεν
1219 256 1339 307 εἶναις
1381 256 1556 312 κρήσιας
1586 257 1722 299 αὐτῶν

206 323 336 378 ἄλλην
366 325 437 366 καί
468 323 600 378 ἄλλην
629 324 732 377 πρὸς
762 322 927 378 ἄλληλα
957 324 1136 379 ἐχούσας
1167 324 1349 379 δύναμιν.
1390 327 1502 381 quod
1531 327 1721 369 enuntia-

202 397 294 437 tum
324 394 403 437 hoc
445 393 570 436 modo
608 392 756 435 vertit:
805 393 930 448 „quid
969 407 1068 436 vero
1096 393 1178 437 hoc
1213 395 1351 449 ipsum
1390 407 1479 437 esse
1508 394 1723 438 dicemus?

202 477 353 519 nempe
382 476 523 505 eorum
562 462 964 517 contemperationes
1005 475 1094 505 esse
1135 462 1261 506 aliam
1292 463 1502 520 aliamque
1541 465 1651 507 inter
1679 478 1723 506 se

201 532 287 575 vim
316 531 519 574 habentes
527 532 559 573 ⁸.

317 603 549 656 postquam,
584 599 846 643 abundanter
891 601 978 643 dixi
1023 601 1073 643 de
1113 601 1300 645 codicum
1343 603 1549 658 scriptura
1591 602 1723 658 deque

202 671 407 714 editorum
446 668 698 720 rationibus,
737 682 851 711 meas
880 668 931 711 de
959 670 1003 711 h.
1033 669 1063 711 l.
1093 670 1404 713 intricatissimo
1447 671 1724 726 cogitationes

202 738 425 794 proferam.
465 739 647 792 primum
685 738 796 780 inter
833 751 977 780 omnes
1017 740 1194 789 constat,
1233 739 1397 782 litteras
1437 740 1482 782 in
1512 739 1724 782 codicibus

203 808 388 863 antiquis
428 807 605 862 scriptas
647 819 736 849 esse
764 819 848 849 uno
878 809 1034 856 tenore,
1076 807 1228 862 quibus
1258 811 1369 850 recte
1399 808 1618 864 diremptis
1646 821 1724 850 no-

202 880 337 920 strum
367 878 431 919 eet
458 877 520 918 ita
548 876 856 931 interpungere,
889 878 938 918 ut
965 876 1107 919 sensui
1137 879 1202 919 est
1233 878 1601 920 accommodatum.
1647 891 1724 932 ego

203 946 344 987 autem
388 945 515 987 istum
557 944 881 999 interpungendi
922 945 1112 997 modum,
1151 958 1236 1000 quo
1272 958 1372 987 usus
1407 947 1471 988 est
1500 944 1724 988 Kuehle·

203 1014 433 1064 weinius,
463 1011 617 1055 falsum
646 1026 735 1055 esse
765 1013 917 1064 iudico,
947 1027 1042 1054 cum
1062 1013 1142 1055 hoc
1162 1014 1425 1056 enuntiatum
1446 1027 1530 1055 non
1560 1006 1724 1056 constet

202 1095 287 1123 una
311 1083 441 1135 parte,
473 1082 545 1124 sed
574 1080 748 1123 duabus.
779 1082 878 1136 post
908 1093 1048 1123 vocem
1078 1080 1179 1121 εἶναι
1208 1081 1457 1124 terminatur
1476 1082 1591 1136 prior
1610 1094 1723 1135 pars,

203 1152 300 1204 post
319 1163 445 1204 quam
474 1148 819 1205 interrogationis
853 1149 1021 1204 signum
1049 1149 1288 1204 ponendum
1319 1152 1394 1192 est.
1425 1148 1554 1191 verba
1583 1152 1725 1191 autem

203 1218 328 1261 huius
367 1217 518 1273 prioris
553 1218 685 1273 partis
727 1217 945 1261 scribenda
981 1220 1091 1270 sunt,
1132 1220 1181 1260 ut
1221 1220 1387 1260 exstant
1426 1217 1471 1267 in
1501 1218 1640 1261 codice
1668 1216 1721 1269 A,

204 1287 321 1329 cuius
360 1287 566 1341 scriptura
603 1285 708 1327 mihi
749 1285 876 1328 etiam
913 1285 958 1328 in
996 1285 1130 1327 altera
1158 1289 1277 1339 parte
1305 1285 1519 1328 Marciano
1559 1285 1725 1329 videtur

201 1355 453 1412 praevalere,
484 1356 557 1397 sed
585 1368 752 1397 necesse
779 1368 865 1396 non
894 1356 958 1396 est
987 1368 1081 1396 cum
1100 1353 1359 1397 Ermerinsio
1389 1352 1465 1395 illa
1495 1353 1623 1396 verba
1652 1353 1725 1394 καὶ

204 1422 334 1478 ἄλλην
362 1425 408 1465 in
436 1423 545 1464 hanc
574 1426 737 1477 partem
765 1423 919 1465 indere.
962 1436 1098 1477 neque
1127 1422 1238 1463 enim
1268 1422 1357 1464 sine
1387 1421 1461 1463 illa
1490 1423 1726 1464 coniectura

203 1492 468 1535 enuntiatum
502 1505 627 1533 sensu
656 1493 782 1542 caret,
824 1490 868 1532 id
897 1491 1009 1546 quod
1038 1490 1274 1546 intelleges,
1305 1491 1341 1532 si
1370 1490 1451 1532 hoc
1479 1489 1601 1533 modo
1631 1504 1725 1532 ver-

202 1560 324 1602 teris:
374 1560 509 1611 „devm
537 1571 628 1600 was
658 1559 791 1600 sollen
820 1559 901 1600 wir
930 1571 1069 1612 sayen,
1110 1558 1189 1601 das
1217 1572 1262 1600 es
1290 1558 1383 1600 sei?
1413 1557 1522 1613 [was
1552 1558 1725 1601 anderes

204 1627 293 1684 als]
326 1628 607 1681 Mischunyen
635 1639 714 1670 von
742 1626 866 1669 ilmen
904 1625 1080 1682 (cogitat
1118 1626 1169 1669 de
1208 1626 1464 1679 humoribus,
1505 1626 1556 1668 de
1591 1626 1725 1668 calido

205 1699 248 1739 et
285 1694 480 1753 frigido),
526 1694 595 1737 die
630 1695 831 1737 einander
854 1695 1083 1750 yeyenv‘ae'ber
1122 1695 1275 1738 andere
1305 1694 1458 1747 Kra‘fte
1499 1695 1724 1737 besitzeffl.

204 1766 361 1820 optime
391 1767 501 1808 enim
531 1779 676 1807 sensus
696 1764 938 1819 percipitur,
968 1767 1192 1819 postquam
1222 1766 1320 1806 ante
1339 1763 1563 1806 secundam
1593 1778 1724 1806 enun-

203 1834 299 1878 tiati
328 1837 493 1888 partem
523 1832 758 1875 addidimus
788 1830 922 1886 δήπου
952 1831 1020 1874 vel
1049 1830 1087 1872 τί
1116 1830 1221 1872 ἄλλο
1251 1832 1292 1886 ἤ.
1325 1832 1397 1874 sed
1426 1847 1494 1874 me
1524 1832 1726 1874 eiusmodi

204 1903 376 1958 aliquid,
417 1902 527 1957 quod
557 1901 668 1943 haud
711 1901 836 1943 dubie
867 1901 993 1952 deest,
1035 1900 1078 1942 in
1110 1902 1228 1943 textu
1257 1914 1409 1954 ponere
1447 1914 1531 1942 non
1560 1900 1727 1942 videtur

203 1984 369 2014 necesse
399 1983 502 2022 esse,
533 1970 632 2025 quia.
661 1970 946 2046 unusquisque
977 1969 1043 2011 vel
1063 1969 1143 2010 hoc
1172 1968 1241 2010 vel
1270 1967 1375 2011 illud
1405 1971 1545 2010 mente
1573 1967 1723 2010 adiun-

206 2055 304 2096 gere
347 2042 500 2095 potest.
555 2037 682 2080 aliam
731 2038 842 2079 enim
887 2039 1115 2079 sententiae
1156 2037 1462 2092 intellegendae
1504 2037 1615 2078 viam
1656 2035 1727 2077 vix

203 2108 413 2161 invenias,
453 2108 533 2152 nisi
563 2107 658 2163 quis
686 2105 898 2163 putaverit
925 2121 951 2149 a
980 2120 1081 2150 voce
1122 2104 1296 2162 κρήσιας
1334 2105 1452 2151 nulla
1491 2106 1727 2161 interroga—

204 2177 331 2219 tionis
361 2176 509 2218 vocula
538 2176 681 2217 addita
720 2175 900 2216 alterum
935 2175 1199 2216 enuntiatum
1229 2174 1571 2228 interrogativum
1603 2173 1725 2214 oriri:

205 2247 272 2290 cui
301 2245 485 2301 opinioni
515 2246 727 2288 concertat
755 2243 882 2286 huius
911 2244 1091 2286 auctoris
1121 2243 1388 2286 construendi
1417 2257 1525 2292 mos;
1564 2241 1727 2285 duobus

152 2364 155 2367 ,
205 2316 316 2358 enim
345 2315 461 2364 locis,
491 2313 566 2356 ubi
584 2312 689 2356 talia
706 2313 918 2369 leguntur,
951 2313 1078 2355 etism
1108 2312 1334 2355 secundum
1365 2312 1630 2353 enuntiatum
1659 2311 1726 2352 in-

205 2384 307 2439 cipit
343 2384 396 2426 ab
434 2382 720 2439 interrogandi
758 2381 924 2434 vocula3
971 2397 1005 2425 c.
1040 2382 1106 2426 13.
1141 2383 1207 2424 14.
1243 2383 1320 2424 12:
1367 2380 1405 2422 τί
1435 2379 1486 2436 δὴ
1517 2379 1726 2435 φήσομεν;

206 2454 378 2507 πότερον
408 2452 521 2506 αὐτῷ
551 2451 634 2492 ἀπὸ
657 2450 819 2505 ψυχροῦ
848 2449 1165 2493 κακοπαθέοντι
1183 2450 1322 2504 θερμὰ
1342 2453 1473 2490 ταῦτα
1502 2446 1728 2502 προσενέγ-

207 2533 355 2569 καντες
386 2519 607 2575 ὠφέλησαν
636 2520 664 2575 ἢ
696 2519 915 2570 τάναντία;
947 2535 982 2563 c.
1007 2521 1075 2563 16.
1106 2520 1175 2563 20.
1208 2519 1342 2562 4—5:
1373 2517 1410 2559 τί
1441 2517 1490 2559 ἂν
1520 2517 1603 2559 ἀπὸ
1633 2516 1729 2558 τοὺ-

206 2602 280 2630 του
311 2587 419 2643 μέγα
448 2590 476 2644 ἢ
507 2589 638 2630 δεινὸν
666 2588 847 2644 γένοιτο;
878 2589 906 2643 ἢ
937 2588 974 2629 τί
1004 2588 1066 2629 δεῖ
1093 2586 1251 2642 πολλῆς
1283 2586 1348 2627 ἐπὶ
1368 2592 1490 2627 τοῦτο
1512 2585 1727 2641 βοηθείηςς

206 2659 350 2713 itaque
379 2657 498 2699 valde
529 2658 688 2709 dubito,
720 2659 820 2712 quin
850 2658 955 2700 haec
983 2657 1196 2713 cogitandi
1225 2656 1294 2698 via
1322 2658 1435 2698 recta
1464 2656 1521 2697 sit
1556 2658 1598 2697 et
1631 2669 1728 2709 per-

206 2730 271 2770 sto
300 2726 345 2769 in
374 2725 580 2769 sententia
609 2740 736 2781 supra
765 2726 898 2769 fusius
928 2727 1120 2769 enodata.
