1920 3063
210 109 265 152 16
384 107 636 144 Guilelmus
661 107 906 149 Schonack,
930 107 1183 145 Coniectanea
1205 107 1246 143 in
1270 106 1551 154 Hippocratem.

206 223 298 279 yeffl
331 222 400 267 vel
429 221 730 276 „Lusis-dhre&
761 223 873 278 quod
888 222 939 265 ·si
958 221 1281 279 significaretur,
1311 223 1450 279 quivis
1470 221 1630 266 medico
1649 219 1736 264 Ba-

209 294 309 335 tavo
337 291 581 335 concederet
609 304 694 334 non
718 294 834 334 certo
857 291 1002 334 ordine
1021 294 1234 335 auctorem
1262 292 1431 335 morbos
1459 289 1737 346 descripsisse.

210 360 461 404 vocabulum
489 374 587 402 vere
605 358 816 409 Latinum,
849 371 935 415 quo
961 358 1310 402 Ermerinsius
1338 359 1403 402 uti
1422 357 1644 410 debuisset,
1675 361 1739 406 est

209 443 327 480 uva3
357 429 468 485 quod
489 427 717 472 Cornelii
737 426 888 481 Celsi,
917 442 1042 484 quem
1061 426 1333 483 Hippocratis
1351 427 1473 484 quasi
1491 427 1739 471 sectatorem

209 498 339 541 fuisse
367 497 475 540 inter
503 510 649 540 omnes
679 499 860 547 constat,
891 496 1094 551 exemplis
1123 495 1337 553 illustrare
1359 496 1465 540 mihi
1489 495 1626 539 liceat.
1656 493 1739 537 duo

209 567 402 609 afferam:
450 565 500 607 de
529 565 639 608 med.
670 563 700 606 1.
730 563 805 608 VI.
837 578 872 607 c.
903 565 944 607 8.
975 563 1000 618 ξ
1031 564 1078 606 2:
1120 563 1250 616 ¹,adeo
1279 564 1474 608 increscit
1511 563 1583 619 (sc.
1613 563 1737 620 poly-

209 634 321 690 pus),
350 633 414 676 uti
433 635 532 689 post
559 647 686 676 uvam
715 634 877 689 concipi
895 633 1079 688 possit⁴‘,
1068 647 1080 658 ⁴
1111 632 1180 676 hic
1208 647 1359 676 uvam
1387 632 1548 688 palati
1578 631 1738 676 intelli-

208 702 388 759 gendam
418 715 509 744 esse
537 708 662 745 nemo
691 701 876 758 negabit.
907 701 1014 744 alter
1033 701 1150 744 locus
1182 705 1248 744 est
1265 702 1414 757 aptior,
1445 702 1546 757 quia
1565 700 1618 744 ad
1643 714 1738 743 ver-

208 771 311 813 bum
350 770 517 813 videtur
546 783 569 811 e
597 771 868 825 prognostico
904 771 1137 825 excriptus:
1182 784 1282 813 nam
1310 769 1454 813 confer
1480 768 1577 814 VII.
1611 768 1677 812 13.
1709 768 1737 810 3

212 854 334 892 „,uva
355 840 392 882 si
412 853 507 881 cum
527 838 858 881 inflammatione
879 839 1094 881 descendit
1115 838 1331 894 dolorique
1350 841 1415 881 est
1444 841 1487 881 et
1516 853 1537 881 s
1552 852 1581 879 u
1595 838 1623 879 b
1639 852 1661 880 r
1674 852 1736 879 u-

209 908 466 950 bicundi
504 907 761 959 coloris,
802 906 1082 963 praecidi
1110 907 1200 949 sine
1227 907 1415 961 periculo
1443 921 1525 949 non
1557 908 1737 961 potesta

210 1007 221 1018 .
254 1007 265 1018 .
295 978 338 1018 et
375 988 496 1031 prog.
527 988 562 1017 c.
593 975 663 1017 23.
698 975 794 1017 104.
827 975 941 1017 5—-6
982 974 1021 1016 οἱ
1061 974 1109 1016 δὲ
1152 980 1445 1029 γαργαρεῶνες
1490 973 1739 1016 ἐπικίνδυνοι

209 1042 688 1098 ἀποτέμνεσθαι
717 1074 727 1085 .
752 1074 762 1084 .
786 1075 796 1084 .
819 1075 829 1085 .
863 1041 946 1084 ἔστ’
971 1042 1021 1083 ἂν
1052 1042 1310 1096 ἐρυθροὶ
1339 1043 1437 1085 ἔωσι
1569 1074 1579 1084 .
1610 1056 1737 1098 quam

208 1111 380 1155 illorum
423 1112 679 1154 medicorum
726 1111 837 1166 (dico
866 1110 1087 1154 brevitatis
1116 1126 1243 1155 causa
1279 1112 1473 1163 medicos,
1514 1111 1586 1155 sed
1625 1114 1738 1153 certo

209 1181 294 1223 scio
312 1180 493 1231 Celsum,
523 1182 572 1221 ut
591 1178 748 1222 Graece
767 1178 929 1234 loquar,
959 1192 1045 1221 non
1063 1179 1195 1222 fuisse
1223 1178 1376 1233 ἰατρόν,
1409 1181 1482 1223 sed
1507 1177 1736 1233 φιλίατρον)

208 1248 526 1291 similitudinem
556 1251 605 1290 ut
637 1261 772 1301 neque
799 1247 1135 1290 Ermerinsius
1163 1261 1300 1302 neque
1328 1247 1735 1303 Darembergius,

210 1315 322 1360 Celsi
350 1317 497 1367 editor,
527 1315 745 1367 senserint,
776 1315 929 1358 mirum
960 1319 1035 1359 est.
1066 1331 1093 1359 a
1121 1330 1205 1371 qua
1235 1316 1492 1373 digressione
1520 1316 1738 1358 redeamus

210 1385 263 1428 ad
280 1384 559 1440 propositum.
590 1385 814 1439 postquam
836 1397 887 1426 ex
917 1384 1218 1428 sententiarum
1250 1398 1430 1428 conexus
1460 1382 1738 1440 explicatione

210 1457 254 1497 et
291 1452 410 1497 illam
449 1454 613 1508 partem
653 1456 985 1496 consummatam
1023 1455 1152 1508 atque
1181 1453 1411 1508 perfectam
1441 1467 1532 1496 esse
1567 1455 1611 1496 et
1638 1451 1735 1496 Er·

209 1521 367 1566 merin
377 1520 504 1565 sium
548 1520 748 1564 vertendo
784 1520 828 1564 in
858 1519 954 1564 avia
983 1520 1198 1566 aberrasse
1226 1520 1614 1573 demonstravimus,
1653 1534 1738 1565 non

208 1589 294 1634 iam
336 1588 503 1633 videtur
541 1601 710 1633 necesse
745 1601 823 1633 nos
851 1588 1021 1646 longius
1063 1603 1296 1635 sermonem
1325 1588 1464 1645 facere
1493 1587 1544 1634 de
1585 1587 1736 1641 verbis,

210 1670 318 1712 quae
347 1657 392 1700 in
421 1656 497 1700 illa
526 1655 678 1711 capitis
707 1657 763 1699 23
793 1659 916 1713 parte
944 1659 1212 1713 usurpantur.
1244 1657 1348 1701 haec
1376 1656 1600 1708 sufficiant,
1629 1655 1737 1699 nihil

208 1725 346 1779 magis
375 1722 706 1778 Hippocrateum
748 1725 927 1767 colorem
964 1739 1066 1782 prae
1109 1740 1155 1768 se
1184 1726 1317 1776 ferre,
1362 1740 1488 1781 quam
1531 1725 1666 1767 illam'
1693 1727 1737 1766 et

209 1792 359 1846 capitis
403 1795 447 1833 et
485 1791 671 1835 faucium
714 1793 957 1836 morborum
985 1794 1305 1850 descriptionem
1347 1807 1522 1848 eamque
1566 1794 1736 1837 omnino

207 1873 293 1902 non
324 1858 549 1903 abhorrere
579 1875 605 1903 a
633 1862 728 1903 tota
756 1861 950 1913 auctoris,
982 1862 1051 1905 cui
1079 1861 1108 1905 l.
1130 1862 1182 1905 de
1211 1876 1353 1918 praen.
1377 1861 1563 1913 debetur,
1593 1860 1734 1905 elocu-

208 1928 336 1971 tione.
356 1929 570 1981 postremo
590 1941 740 1982 operae
758 1928 941 1983 pretium
961 1932 1027 1972 est
1045 1929 1196 1972 addere
1215 1930 1338 1973 illum
1357 1930 1496 1973 locum
1522 1930 1736 1984 primum

209 1995 268 2040 ab
287 1993 600 2038 Ermerinsio
619 1997 816 2040 asterisco
835 1999 1030 2041 notatum
1049 2012 1158 2041 esse:
1179 2013 1278 2041 nam
1298 2013 1350 2042 ex
1369 1998 1543 2053 reliquis
1562 1998 1735 2042 editori-

208 2063 287 2106 bus
330 2077 456 2106 nemo
490 2063 608 2107 illam
644 2065 796 2119 capitis
836 2068 1000 2120 partem
1036 2080 1121 2110 non
1156 2066 1339 2119 exhibet,
1379 2066 1496 2110 velut
1524 2066 1734 2111 Foesius

208 2131 356 2185 (sectio
384 2130 439 2174 11.
470 2131 498 2174 1.
534 2133 572 2174 1.
603 2147 645 2188 p.
677 2132 767 2188 45),
796 2132 1072 2177 Lindenius
1103 2134 1257 2190 (v01.1.
1286 2150 1329 2191 p.
1360 2125 1476 2191 467),
1506 2135 1734 2178 Littreus

209 2200 308 2255 (vol.
329 2200 384 2243 11.
405 2216 447 2256 p.
474 2199 588 2255 178).
619 2201 722 2244 item
752 2200 1014 2254 Fuchsius,
1045 2204 1119 2258 qui
1147 2218 1297 2260 corpus
1316 2202 1735 2260 Hippocratioum‘in

207 2269 400 2323 linguam
428 2268 718 2311 Germanicam
749 2270 968 2320 convertit,
998 2270 1043 2311 in
1074 2285 1123 2312 eo
1153 2272 1290 2325 capite
1309 2287 1391 2313 non
1413 2272 1603 2322 offendit,
1635 2272 1735 2328 quia

207 2337 251 2378 in
282 2336 363 2380 vol.
386 2336 418 2379 I.
448 2352 491 2391 p.
513 2338 599 2380 468
629 2338 748 2380 nullo
777 2338 821 2379 in
851 2338 939 2381 ulla
968 2340 1236 2381 annotatione
1260 2340 1579 2396 vituperationis
1609 2338 1735 2382 verbo

208 2405 352 2448 addito
379 2405 550 2461 legitur.
593 2406 737 2461 itaque
765 2409 1001 2462 perstamus
1038 2409 1082 2450 in
1121 2423 1170 2450 ea
1198 2410 1407 2451 sententia
1436 2409 1545 2452 hanc
1572 2411 1734 2464 partem

210 2473 416 2516 mordicus
447 2475 668 2516 tenendam
700 2489 803 2517 esse.

325 2551 522 2596 Berolini.
1124 2554 1362 2598 Guilelmus
1390 2554 1615 2598 Schonack.
